1924 3063
730 168 1010 205 —23-

112 285 246 335 'pour
274 281 333 321 les
364 281 745 336 procos-verbaux,
778 280 928 334 charge
959 281 1008 321 de
1037 281 1076 321 la
1107 282 1392 321 conservation
1426 285 1466 321 et
1494 282 1599 321 noti-

140 351 305 391 fication
327 351 399 392 des
420 354 529 391 actes
550 362 731 402 royaux,
759 349 930 403 gardien
954 349 1003 390 de
1024 350 1176 390 l'ordre
1197 350 1299 390 dans
1321 350 1381 390 les
1402 349 1571 391 debats?
1586 352 1597 373 ¹

141 421 222 462 Sed
267 421 422 461 nemini
469 421 581 460 hunc
630 419 919 472 magistratum
972 419 1250 459 obscuriorem
1299 419 1427 460 fuisse
1473 433 1598 473 quain

140 489 385 530 Lumbrosio
417 489 721 543 cognoscimus,
759 489 793 528 si
823 489 949 528 alium
980 489 1116 529 locum
1149 488 1332 529 eiusdem
1363 488 1459 528 libri
1490 501 1600 529 com-

139 572 350 612 paramus,
403 558 475 599 ubi
520 558 685 611 scripsit
733 571 770 611 p.
808 558 911 597 345:
974 557 1358 598 ‘Padministration
1403 558 1482 598 soit
1528 558 1599 599 des

139 632 311 670 recettes
352 629 432 669 soit
463 628 534 668 des
565 627 767 681 depenses
798 639 841 667 se
873 627 1003 667 divise
1035 629 1149 667 entre
1187 639 1246 667 un
1278 626 1466 680 nombre,
1504 640 1597 680 pro-

139 698 374 739 bablement
415 710 527 738 assez
567 696 717 751 grand,
759 696 809 736 de
845 699 1111 750 grammatos,
1153 696 1433 749 d'hypcretes,
1473 696 1598 749 d'epi-

140 768 328 821 melotes,
361 766 925 821 d'hypomnematographes,
957 765 1265 820 d'antigraphes
1297 765 1521 819 speciauX.'

254 836 341 877 Nec
362 848 458 876 vero
481 836 631 875 mirum
656 838 735 888 est,
768 835 878 887 quod
902 834 951 875 de
975 835 1124 887 scriba,
1158 836 1229 888 qui
1258 835 1598 887 hypomnemato-

137 906 320 961 graphiis
352 905 599 959 appellatur,
630 917 779 958 parum
811 905 1023 957 novimus,
1053 917 1148 945 cum
1178 916 1232 944 ne
1263 916 1406 944 eorum
1430 904 1595 956 quidem

139 975 383 1028 scribarum,
426 975 498 1028 qui
538 974 703 1027 saepius
734 974 778 1013 in
814 975 981 1027 papyris
1013 977 1053 1014 et
1082 973 1424 1027 inscriptionibus
1456 986 1597 1014 occur-

137 1048 254 1097 runt,
283 1057 314 1084 e.
338 1057 370 1084 0.
402 1044 657 1098 γραμματεῖς
676 1040 906 1095 βασιλικοὶ,
934 1044 1321 1097 κ(ι),ιιογραμ,ιιοετεῖς,
1348 1056 1595 1097 τοῖῑογραμ-

136 1114 301 1166 ματεῖς,
331 1113 716 1167 χωρογραμμαῑεῖς,
749 1125 924 1152 munera
954 1113 1053 1153 satis
1080 1113 1242 1166 possint
1271 1112 1483 1165 perspici.2

251 1183 406 1222 Tamen
435 1195 615 1235 pronum
646 1182 724 1222 erit
752 1182 964 1236 colligere,
1004 1183 1039 1222 si
1068 1182 1447 1234 comparaverimus
1477 1182 1597 1221 illum

135 1265 188 1293 ex
230 1252 316 1293 cod.
348 1251 498 1292 Theod.
531 1254 793 1304 assumptum
832 1251 988 1303 locuni,
1030 1252 1112 1291 iam
1154 1263 1301 1305 regum
1343 1250 1597 1305 temporibus

135 1321 638 1376 hypomnematographos
681 1320 1005 1361 ‘nominationes
1046 1320 1097 1360 ad
1136 1320 1344 1374 liturgias'
1388 1323 1427 1360 et
1467 1320 1596 1361 ‘com-

135 1392 358 1432 mentarios
400 1391 549 1431 harum
591 1390 754 1431 rerum’
793 1390 948 1431 fecisse.
1008 1390 1156 1444 Itaque
1198 1403 1351 1430 nomen
1386 1390 1595 1444 Apollonii

135 1475 158 1501 a
196 1460 432 1501 Ptolemaeo
471 1461 954 1515 hypomnematographo
996 1464 1068 1500 aut
1108 1461 1152 1499 in
1183 1461 1502 1501 commentarios
1533 1461 1596 1500 in—

134 1531 336 1584 scriptum
367 1534 439 1571 aut
470 1543 524 1571 ex
551 1531 610 1571 eis
641 1530 822 1571 deletum
851 1533 930 1584 est,
964 1530 1075 1583 quod
1104 1544 1127 1570 a
1146 1530 1327 1584 liturgiis
1347 1530 1596 1584 Apollonius

132 1599 371 1641 liberandus
412 1604 507 1641 erat.
568 1599 676 1640 Nam
712 1601 756 1640 in
786 1600 865 1640 alio
896 1613 1054 1654 papyro
1085 1603 1228 1653 postea
1261 1600 1429 1652 scripto,
1471 1600 1597 1639 frater

133 1670 345 1723 Apollonii
377 1670 575 1723 queritur,
604 1682 700 1710 eum
730 1671 774 1709 in
807 1670 997 1723 liturgias
1023 1670 1178 1710 iniuste
1207 1669 1458 1709 abstractum
1484 1681 1592 1709 essc:

133 1740 180 1780 cf.
212 1739 443 1780 Lumbroso
474 1739 597 1779 Rech.
629 1753 665 1793 p.
688 1740 770 1779 ‘203
802 1741 845 1779 in
875 1753 965 1793 pap.
988 1739 1058 1779 lin.
1083 1739 1126 1779 7:
1162 1738 1204 1779 ‘o
1226 1736 1595 1793 προγεγραμμένος

133 1805 322 1862 Ἀργεῖος
351 1806 985 1863 (Β11Π113105οῑἄρχιιτηρέτης)
1017 1806 1205 1848 dmum?
1234 1805 1358 1848 αὐτὸν
1389 1806 1464 1847 ἀπ’
1493 1806 1596 1860 ἐμοῦ

132 1892 193 1926 εις
221 1877 317 1926 τοῖς
345 1874 605 1932 λειτοιργίοες
634 1877 721 1917 κτλ.
729 1877 737 1893 ’

246 1947 304 1987 At
335 1947 490 1987 dixerit
517 1947 689 1987 forsitan
715 1947 942 2001 quispiam:
978 1947 1078 2000 quid
1100 1915 1595 2001 hypomnematograplio,

133 2017 285 2070 quippe
318 2017 389 2070 qui
420 2030 444 2056 a
471 2015 672 2058 Strabone
702 2017 970 2070 magistratus
1000 2017 1240 2057 nominetur
1266 2016 1594 2070 Alexandiinus,

131 2099 226 2126 cum
253 2086 475 2139 Apollonio
504 2086 921 2139 Heracleopolitano‘?
983 2085 1171 2127 Concedo
1204 2099 1267 2139 ea,
1300 2099 1404 2139 quae
1436 2086 1486 2127 de
1518 2087 1595 2126 hoc

131 2167 304 2196 munere
335 2158 543 2208 comperta
573 2155 793 2208 habemus,
823 2168 917 2195 cum
948 2157 993 2195 in
1019 2156 1165 2196 ceteris
1193 2156 1362 2209 papyris
1389 2154 1594 2208 omnibus,

133 2226 206 2279 qui
242 2237 376 2278 usque
409 2225 459 2264 ad
489 2225 602 2265 hunc
634 2225 743 2265 diem
783 2224 940 2279 publici
980 2226 1083 2265 iuris
1119 2225 1216 2265 facti
1246 2228 1363 2277 sunt,
1407 2225 1511 2264 nihil
1544 2225 1593 2266 dc

130 2294 611 2348 hypomnematographo
651 2294 855 2348 tradatur,
898 2308 979 2335 non
1017 2295 1225 2347 sufficere,
1269 2298 1317 2334 ut
1349 2295 1457 2334 hanc
1487 2293 1592 2334 diffi-

131 2363 327 2403 cultatem
367 2363 597 2404 solvamus:
640 2364 797 2404 iuvabit
837 2367 974 2405 tamen
1016 2365 1093 2404 hoc
1132 2365 1221 2404 loco
1252 2364 1507 2416 meminisse,
1548 2364 1592 2403 in

248 2489 280 2530 1)
308 2489 384 2523 Hoc
410 2489 542 2523 iudicio
568 2490 667 2523 stetit
691 2490 885 2524 Lumbroso
912 2490 1019 2523 etiam
1044 2490 1081 2522 in
1107 2489 1128 2523 l.
1155 2489 1298 2533 l'Egitto
1330 2489 1363 2523 al
1392 2491 1509 2533 tempo
1535 2490 1591 2523 dei

133 2545 234 2580 Greci
262 2558 281 2579 e
308 2547 364 2580 dei
388 2546 539 2581 Romani
566 2547 656 2581 1882
684 2559 718 2591 p.
738 2548 798 2582 73:
833 2547 1217 2591 ‘l'Iponmematografo
1242 2547 1477 2581 introduttore
1500 2547 1591 2581 delle

133 2615 237 2638 cause
262 2614 381 2648 presso
406 2604 432 2638 il
456 2605 610 2640 Prefetto
639 2616 657 2639 e
684 2604 772 2649 cosi,
799 2615 904 2640 senza
930 2605 1078 2648 dubbio,
1105 2615 1225 2649 presso
1250 2605 1277 2638 il
1301 2604 1375 2638 Res

248 2662 283 2705 2)
321 2663 363 2697 cf.
391 2663 568 2707 Wessely,
606 2663 859 2709 Prolegomena
895 2664 938 2698 ad
974 2675 1054 2697 nov.
1090 2663 1172 2697 edit.
1207 2674 1329 2707 papyr.
1362 2663 1482 2698 Graec.
1515 2674 1588 2697 cur.

132 2718 280 2754 Dissert.
306 2720 504 2755 Vindobon.
534 2720 622 2755 1883
650 2733 681 2765 p.
709 2722 759 2755 12.
