1924 3063
745 209 1028 245 ,43-

276 322 466 363 Secunde
505 322 593 362 1000
626 321 925 374 Schwarzius,¹
968 323 1014 360 ut
1044 320 1169 360 fidem
1200 320 1437 360 historicam
1467 319 1618 361 Demo-

160 393 270 432 nacti
309 392 553 446 philosopho
592 391 800 443 detrahat,
844 391 997 430 mirum
1040 402 1128 430 esse
1170 389 1285 442 dicit,
1333 389 1443 443 quod
1482 401 1619 442 neque

158 461 395 514 aequalium
441 473 579 514 neque
616 461 929 512 insequentium
970 460 1217 513 scriptorum
1260 459 1483 512 quisquam
1524 462 1619 498 ante

158 530 399 584 Eunapium
430 530 707 570 nominaverit
738 529 861 569 talem
892 529 1046 581 virum,
1079 528 1151 581 qui
1183 527 1429 568 seditionem
1457 528 1501 567 in
1523 540 1620 567 con—

158 600 311 640 tionem
342 612 585 654 progressus
617 598 860 651 sedavisset,
894 598 965 651 (101
987 600 1071 638 1010
1091 597 1243 651 populo
1265 596 1430 650 publice
1451 597 1621 650 lugente

158 672 368 721 mortuus,
419 663 559 722 postea
612 668 711 708 adeo
759 667 898 708 cultus
944 670 1072 719 esset,
1120 669 1169 706 ut
1211 666 1316 719 lapis
1362 678 1443 718 quo
1486 665 1621 706 fessus

158 738 419 790 acquiescere
459 737 604 778 solitus
643 740 768 789 esset,
808 736 1062 776 adoraretur.
1124 735 1249 788 Male,
1290 735 1371 775 nisi
1411 747 1477 774 me
1516 733 1622 774 fallit

159 808 340 860 animus,
370 808 544 848 miratus
572 810 644 848 est.
707 805 891 854 Quaero:
931 806 1025 858 quis
1054 805 1222 845 tandem
1253 807 1349 845 ante
1380 803 1621 857 Eunapium

158 876 390 917 Lucianum
426 878 564 930 ipsum
595 876 966 917 commemoravit?
1028 874 1179 927 Nemo,
1216 886 1353 926 neque
1384 873 1621 926 aequalium

159 959 295 1000 neque
336 949 606 1000 posterorum.
669 945 778 986 Olim
817 958 884 985 VV.
918 944 982 984 dd.
1022 944 1100 984 hoc
1131 943 1339 997 explicare
1368 942 1624 983 studuerunt

159 1028 225 1068 ee,
264 1019 312 1056 ut
341 1016 542 1068 dicerent,
582 1015 881 1055 Philostratum
912 1014 1082 1053 omnine
1115 1012 1164 1053 de
1196 1025 1243 1053 eo
1275 1013 1470 1064 tacuisse,
1512 1011 1623 1065 quod

159 1084 341 1125 Lueiano
383 1085 433 1124 ob
474 1085 631 1139 ingenii
669 1084 912 1124 varietatem
950 1082 1139 1123 infensus
1179 1082 1336 1122 fuisset.
1407 1080 1488 1121 Sed
1528 1094 1622 1121 eum

158 1167 210 1194 ne
257 1154 334 1194 hoc
381 1154 549 1207 quidem
596 1154 877 1194 demonstrare
928 1152 1159 1206 potuerint,
1207 1151 1309 1190 mihi
1356 1149 1624 1191 verisimilius

156 1223 335 1276 videtur,
357 1223 656 1264 Philostratum
679 1223 873 1275 tacuisse,
905 1221 1017 1274 quod
1039 1222 1210 1261 01110100
1232 1233 1364 1274 pauca
1383 1219 1453 1259 illa
1474 1220 1625 1273 scripta

158 1293 380 1346 sophistica
419 1293 486 1333 vel
526 1293 729 1333 rhetorica
769 1306 790 1332 a
822 1291 1005 1332 Luciano
1038 1291 1270 1344 conscripta
1302 1302 1390 1330 esse
1424 1289 1625 1341 nesciens,

157 1374 252 1401 eum
284 1363 324 1401 in
359 1374 532 1402 numero
553 1362 844 1416 ⁸sophistarum
872 1361 1041 1401 0100100
1068 1372 1152 1399 000
1178 1359 1359 1399 haberet.
1413 1358 1625 1398 Lucianus

158 1432 267 1471 enim
310 1433 425 1471 tanta
465 1432 741 1491 satyricorum
779 1430 1017 1471 libellorum
1056 1430 1230 1483 scriptor
1270 1428 1401 1483 gloria
1441 1426 1625 1480 florebat,

159 1504 205 1541 ut
232 1500 479 1541 mediocrem
496 1500 511 1524 2
540 1501 654 1541 illam
684 1513 810 1554 quam
832 1500 974 1540 rhetor
997 1499 1303 1553 deportaverat,
1335 1510 1433 1537 mox
1455 1509 1625 1550 prorsus

158 1569 417 1610 obliteratam
462 1582 550 1611 esse
593 1574 919 1610 consentaneum
964 1570 1027 1610 sit.
1102 1568 1383 1608 Philostratus
1426 1579 1544 1619 vero,
1591 1566 1625 1606 si

156 1640 318 1693 privata
368 1640 429 1679 ira
479 1640 536 1680 ita
588 1639 830 1680 obcaecatus
880 1639 1045 1691 fuisset,
1097 1640 1205 1678 certe
1252 1650 1283 1677 e.
1325 1650 1356 1677 0.
1400 1636 1626 1689 Aspasium

163 1709 406 1762 sophistam,
449 1710 522 1762 qui
552 1710 684 1763 ipsius
714 1709 818 1762 patri
850 1708 1165 1748 inimicissimus
1203 1706 1323 1758 fuit,3
1358 1708 1431 1745 aut
1462 1705 1626 1746 silentio

164 1778 425 1832 praeterisset
463 1782 535 1818 aut
574 1779 611 1819 ei
652 1778 958 1818 maledixisset:
1002 1780 1182 1817 attamen
1223 1775 1434 1816 moderate
1474 1778 1515 1815 et
1554 1787 1627 1828 pro

281 1948 315 1992 1)
347 1959 451 1992 quem
484 1948 551 1982 1100
585 1947 728 1991 quidem
763 1947 838 1981 1000
873 1946 1074 1991 Ziegelerus
1109 1946 1287 1990 sequitur,
1328 1944 1449 1979 Jahrb.
1482 1946 1503 1978 f.
1537 1943 1630 1978 Phil.

167 2006 251 2039 1881
284 2017 316 2050 p.
340 2005 418 2039 334.

281 2062 315 2105 2)
341 2063 417 2097 1100
448 2073 466 2096 0
500 2062 687 2097 rhetoricis
720 2074 810 2107 quae
844 2063 1035 2106 supersunt
1064 2060 1253 2095 Lucianeis
1279 2059 1422 2103 scriptis
1455 2060 1490 2092 et
1521 2069 1563 2091 ex
1591 2069 1630 2091 eo

165 2121 257 2165 quod
278 2120 489 2155 rhetoricam
511 2120 701 2164 dereliquit
720 2121 880 2155 constare
900 2120 1052 2163 videtm,
1077 2118 1219 2153 etiamsi
1238 2118 1368 2153 Suidae
1386 2115 1629 2151 testimonium

164 2178 403 2225 neglegamus.
463 2178 560 2220 Quae
598 2178 778 2212 Luc-ianus
815 2178 891 2222 ipse
931 2179 973 2211 de
1011 2178 1077 2212 hac
1114 2188 1152 2210 re
1191 2177 1293 2219 dicit,
1334 2186 1459 2219 parum
1498 2173 1628 2208 valent.

165 2236 373 2283 Rhetorices
399 2236 494 2269 001111
518 2247 714 2279 sermones,
747 2236 807 2280 qui
839 2236 876 2269 10
908 2235 971 2270 Bis
995 2236 1079 2269 Ace.
1106 2235 1288 2277 leguntur,
1315 2232 1434 2276 magni
1461 2231 1631 2265 momenti

166 2305 243 2328 0880
268 2305 370 2328 nemo
397 2294 628 2328 existimabit.
678 2294 826 2328 Restant
851 2294 961 2338 igitur
987 2293 1049 2327 illa
1069 2292 1214 2337 Apolog.
1241 2303 1270 2325 0.
1291 2292 1333 2325 15
1359 2290 1476 2332 verba,
1501 2288 1631 2332 quibus

165 2352 362 2385 Lucianum
395 2362 559 2396 magnam
593 2351 739 2396 gloriam
770 2352 948 2396 peperisse
984 2351 1196 2385 rhetoricam
1233 2349 1366 2383 elucet:
1404 2347 1466 2381 scd
1500 2346 1630 2380 eximie

166 2409 386 2444 Eritzsehius
413 2411 448 2442 et
473 2411 575 2444 acute
600 2421 639 2444 00
664 2409 739 2443 1000
765 2410 875 2444 verba
900 2409 1038 2443 duabus
1062 2410 1199 2443 tantuin
1226 2407 1341 2441 literis
1364 2404 1563 2439 immutatis
1588 2404 1632 2438 ad

167 2467 337 2502 Sabinum
366 2468 490 2510 refert,
525 2468 618 2511 quod
644 2469 832 2502 contextus
857 2467 1057 2501 desiderare
1082 2467 1235 2501 videtur.
1284 2464 1491 2509 Legendum
1523 2462 1633 2507 igitur

168 2528 238 2559 est:
272 2527 324 2558 ‘el'
347 2536 385 2569 y&
412 2526 630 2568 ἐπιτιμῴης,
658 2525 699 2558 δι’
725 2526 796 2570 πρὸ
823 2527 958 2558 πολλοί,1
988 2521 1087 2572 ᾔδειν
1196 2521 1531 2567 ἔναριθμούμενος]
1564 2520 1632 2563 (ed.

167 2583 196 2625 I,
224 2582 244 2615 2
269 2594 302 2626 p.
322 2582 414 2624 211).

284 2640 317 2682 3)
353 2640 395 2673 de
431 2639 631 2673 inimicitiis
666 2640 808 2684 Aspasii
845 2642 879 2674 et
911 2639 1021 2683 patris
1054 2638 1261 2673 Philostrati
1296 2637 1381 2672 alibi
1414 2648 1491 2671 sese
1526 2636 1633 2671 verba

168 2697 296 2731 fecisse
329 2697 567 2732 Philostratus
598 2698 702 2732 dicit:
740 2709 808 2742 quo
843 2698 876 2731 in
911 2698 1017 2739 libro,
1052 2698 1113 2732 aut
1138 2707 1208 2730 1100
1238 2697 1299 2731 aut
1325 2695 1504 2739 pluribus,
1539 2705 1632 2728 01100

170 2754 300 2789 amisso
328 2748 476 2789 Luciani
503 2766 641 2799 quoque
668 2756 816 2790 sortasse
841 2755 977 2789 mentio
1003 2755 1095 2790 facta
1120 2757 1204 2788 erat.
