1924 3063
743 159 1023 195 -13—

237 269 333 317 ίτοὶς
372 265 491 317 δίκας
533 265 715 323 εἰσάγειν
755 266 824 309 καὶ
864 267 980 319 τάξιν
1018 266 1163 317 αὖῐαῖς
1200 268 1273 323 τὴν
1314 269 1608 324 προσήκουσαν

149 335 392 377 ἐπιτιθέναι
437 335 506 378 καὶ
546 345 628 377 τῶν
658 335 959 390 [ι’ραῐιομένων
986 335 1057 377 καὶ
1089 335 1319 391 λεγομένων
1350 337 1607 389 ἁπαξαπάν-

148 422 230 447 των
261 406 537 462 ἱκτομνήμαῐα
569 405 811 461 γράφεσθαι
847 404 915 446 καὶ
942 405 1017 455 τάς
1040 420 1085 446 τε
1108 403 1322 461 ῥητορείας
1340 415 1422 447 τῶν
1443 408 1608 448 δικαιοκ

148 475 378 530 λογούντων
417 473 635 531 ῥυθμίζειν
676 474 744 516 καί
785 476 860 525 τὰς
889 482 964 516 τοῦ
995 474 1190 530 ἄρχοντος
1220 476 1393 531 γνώσεις
1423 477 1531 532 πρὸς
1560 477 1609 518 τὸ

149 543 415 602 σαφέστατον
460 545 548 598 ἅμα
588 543 656 585 καὶ
700 543 1003 599 ἄκριβὲσῐαῐον
1042 545 1116 586 σὺν
1157 542 1301 586 πίστει
1346 552 1396 602 τῇ
1435 544 1610 603 μεγίστῃ

149 613 448 671 διαφιῑλάῑτειν
484 612 553 655 καὶ
591 613 873 670 παραδιδόναι
917 611 1100 670 δημοσίᾳ
1131 614 1239 669 πρὸς
1268 615 1340 656 τὸν
1371 614 1438 656 ἀεὶ
1465 615 1611 670 χρόνον

149 682 485 737 ἀποκεισομένας
502 718 509 725 .
529 717 538 724 .
558 717 566 724 .
580 685 588 701 ’

264 755 418 795 Mirum
456 758 534 807 est,
577 754 689 807 quod
731 767 984 808 quamquam
1025 754 1253 808 Lucianus,
1298 756 1419 809 quale
1457 769 1612 796 munus

148 824 289 877 fuerit,
330 829 414 864 tam
454 823 625 864 verbose
668 823 865 877 explieat,
919 827 1057 864 tamen
1098 837 1164 864 vv,
1208 824 1272 864 dd.
1314 838 1397 864 non
1439 838 1612 865 eonsen-

149 898 313 934 serimt:
370 895 458 934 sine
498 894 780 934 Controversia
818 906 916 934 vero
957 897 1120 934 constat
1156 894 1264 934 inter
1309 908 1471 947 omnes,
1517 908 1612 935 eum

148 963 363 1003 iudiciario
393 963 532 1016 aliquo
564 975 738 1004 munere
768 963 961 1003 functum
991 976 1091 1004 esse.

264 1032 351 1073 Iam
388 1033 441 1073 H.
473 1032 692 1073 Valesius¹
734 1032 925 1073 funditus
965 1033 1200 1087 repudiavit
1241 1034 1479 1086 opinionem
1520 1034 1551 1075 I.
1590 1048 1614 1074 a

150 1101 315 1155 Costae,
361 1103 433 1155 qui
471 1101 704 1142 Luoianum
746 1114 995 1143 assessorem
1035 1103 1120 1142 sive
1162 1103 1444 1143 consiliarium
1486 1103 1613 1143 fuisse

148 1172 372 1213 arbitratus
403 1176 475 1213 est.
536 1171 709 1213 Minime
740 1172 981 1212 dubitanter
1011 1172 1225 1213 Valesius:
1266 1173 1355 1213 ‘sed
1386 1172 1518 1226 paee’,
1549 1174 1612 1212 in-

151 1242 259 1295 quit⁷
304 1241 399 1282 ‘viri
447 1241 717 1282 eruditissimi
765 1241 924 1282 dietum
969 1242 1041 1295 sit,
1092 1254 1179 1282 non
1224 1254 1490 1296 assessorem,
1542 1243 1613 1283 sed

149 1311 679 1365 hypomnematographum
721 1324 763 1352 se
806 1311 933 1352 fuisse
974 1311 1038 1351 his
1079 1315 1121 1351 et
1161 1311 1434 1364 sequentibus
1473 1312 1614 1353 verbis

150 1380 354 1435 signifieat
409 1380 631 1422 Lucianus.
728 1380 794 1421 sio
859 1381 969 1422 enim
1034 1380 1277 1421 dicebantur
1333 1381 1615 1421 Alexandriae

149 1451 323 1491 actuarii
355 1463 430 1492 seu
461 1451 736 1504 memoriales,
771 1452 842 1504 qui
874 1455 964 1492 aeta
995 1450 1295 1491 conficiebant]

264 1520 333 1561 Ad
363 1520 519 1562 Valesii
561 1520 779 1561 arbitrium
820 1524 859 1561 et
898 1524 1051 1561 nutum
1093 1524 1228 1561 totum
1266 1533 1355 1562 sese
1386 1534 1614 1561 accommo-

151 1589 264 1631 davit
295 1589 573 1632 Gothofredus
604 1592 647 1630 in
679 1591 860 1632 editione
894 1590 988 1632 Cod.
1017 1590 1168 1631 Theod.
1197 1591 1259 1630 IV
1290 1605 1327 1644 p.
1354 1592 1450 1632 524.

266 1660 417 1701 Postea
437 1660 594 1701 Valesii
626 1660 849 1701 verbonmi
881 1661 1102 1701 evanuisse
1133 1660 1300 1700 videtur
1327 1661 1489 1713 notitia,
1519 1673 1615 1700 011111

151 1741 287 1781 neque
325 1729 512 1770 Reitzius
553 1742 690 1782 neque
721 1730 982 1770 Wielandius
1022 1742 1159 1783 neque
1202 1729 1443 1770 Rudorffius
1480 1742 1616 1782 neque

151 1798 257 1839 alius
299 1800 520 1853 quisquam
564 1803 659 1839 ante
700 1798 744 1839 G.
786 1798 1051 1839 Dindorfium
1092 1801 1344 1840 mentionem
1387 1786 1615 1839 sententiae

152 1868 396 1909 Valesianae
425 1869 576 1909 feeerit.

265 1937 454 1979 Reitzius
507 1939 618 1979 enim
670 1938 838 1977 omnino
893 1950 978 1977 non
1029 1937 1079 1978 de
1129 1938 1614 1992 hypomnematographo

151 2007 321 2060 cogitat,
353 2007 424 2048 sed
457 2007 507 2047 de
537 2007 719 2047 actuario
750 2007 816 2047 vel
844 2007 1078 2061 graphiario
1102 2010 1265 2047 tantum
1287 2019 1472 2061 munere,
1504 2008 1613 2060 quod

151 2079 261 2116 certo
293 2077 462 2117 nomine
495 2089 642 2117 ornare
676 2089 761 2116 non
794 2076 952 2117 ἱι11ᾶο1.2

267 2145 530 2187 Wielandius
581 2146 860 2187 Samosatensi
918 2145 1105 2200 publicas
1162 2146 1402 2200 provinciae
1454 2146 1616 2187 tabulas

152 2218 392 2258 commissas
421 2217 549 2257 fuisse
581 2216 827 2257 existi1nat.³

266 2286 510 2327 Rudorffius
541 2299 656 2339 Vero,
695 2286 858 2326 tametsi
890 2285 1125 2339 Valesium,
1156 2290 1204 2325 ut
1235 2299 1359 2339 supra
1392 2286 1500 2338 dixi,
1532 2298 1616 2325 11011

153 2356 356 2410 nominat,
388 2360 526 2396 tamen
557 2357 805 2397 sententiam
837 2356 928 2396 eius
956 2369 1126 2409 prorsus
1159 2355 1383 2408 sequiturss

270 2537 305 2580 1)
331 2537 375 2572 ad
400 2538 516 2571 Amm.
542 2537 648 2572 Marc.
674 2548 706 2581 p.
727 2537 793 2571 353
822 2537 875 2571 ed.
903 2547 932 2572 a.
961 2537 1061 2571 1636.

271 2594 304 2636 2)
332 2595 386 2629 ed.
412 2605 442 2629 a.
471 2595 559 2629 1743
584 2595 602 2629 Ι
627 2606 658 2639 p.
679 2594 780 2629 LXV
799 2606 895 2639 sequ.

271 2653 305 2696 3)
332 2652 489 2687 Lukians
514 2653 644 2687 Werke
669 2652 701 2687 V
727 2665 758 2697 p.
779 2653 854 2687 184.

269 2710 305 2753 4)
332 2710 369 2743 in
394 2710 484 2744 Mus.
510 2710 672 2745 Rhenan.
699 2711 735 2745 Π
762 2711 891 2755 (1828),
918 2723 950 2755 p.
969 2710 1024 2745 82.
