1924 3063
865 170 1148 205 -10-

391 281 651 322 Advcrbium
697 279 870 330 (ἄλλως
919 283 1158 336 saepissimo
1203 297 1225 322 a
1265 282 1449 322 Luc-iano
1492 285 1740 334 usurpatum

276 364 356 390 non
399 352 613 391 iuvenitur
654 354 789 391 tamen
832 352 872 391 in
918 352 1121 405 Apologia
1159 365 1233 405 pro
1274 351 1462 391 mercede
1500 350 1617 391 cond.
1659 349 1740 390 Pro

275 420 389 473 lapsu
440 419 604 460 Baccho
654 420 836 461 Hercule
879 420 1039 461 Verar.
1086 421 1212 461 Hist.
1260 421 1282 460 l.
1323 421 1356 473 Ι,
1393 419 1452 472 Π,
1498 418 1740 460 Alexandro

273 489 582 543 lcaromenippo
618 489 898 530 Cronosolono
935 490 1002 541 al.3
1045 491 1153 531 inest
1187 503 1283 530 vero
1326 490 1365 529 in
1410 488 1604 529 omnibus
1635 488 1738 529 illis:

271 557 456 612 Dialogis
494 558 615 599 Deor.
654 563 694 599 et
728 558 847 599 Mort.
890 559 1076 600 Charone
1116 559 1232 600 Gallo
1272 559 1346 599 Bis
1387 559 1594 600 Accusato
1632 559 1740 600 Her—

271 628 440 668 motimo
470 628 641 669 Timone
672 619 773 669 aliis.
917 615 924 620 ⁹

385 695 579 751 Denique
609 698 782 738 fortasse
813 700 1125 739 commemorari
1156 702 1308 753 potest,
1340 697 1585 752 particulam
1616 697 1666 754 δὴ
1696 699 1737 738 in

271 767 452 820 scriptis⁷
506 779 612 820 quae
657 768 874 820 posteriori
924 769 1045 808 aetati
1092 768 1394 809 Samosatensis
1442 767 1740 821 attribuuntur,

269 849 488 889 nunquam
530 836 579 876 ad
620 838 917 890 imperativum
958 837 1074 877 addi:
1122 839 1162 878 in
1195 838 1400 891 Apologia
1439 850 1512 890 pro
1551 837 1740 878 mercede

270 906 387 945 cond.
420 906 502 946 Pro
533 906 655 959 lapsu
686 906 850 947 Baccho
882 906 1066 947 Hercule
1093 907 1337 947 Alexandro
1369 906 1465 947 Ver.
1494 905 1603 947 Hist.
1631 905 1663 959 Ι,
1685 906 1740 959 ΙΙ,

270 975 585 1029 Icaromenippo
627 975 907 1016 Cronosolone
949 975 1243 1017 Saturnalibus
1282 976 1412 1029 Epist.
1445 977 1609 1017 Saturn.
1641 975 1739 1016 Phi-

268 1045 466 1099 lopseude
482 1045 714 1086 Rhetorum
735 1050 1001 1101 praeceptore
1023 1047 1072 1087 de
1092 1050 1224 1087 morte
1245 1047 1460 1101 Peregrini
1483 1046 1532 1088 de
1552 1046 1740 1087 mercede

269 1115 519 1155 conductis.¹
557 1114 731 1169 Saepius
762 1118 1036 1171 coniungitur
1065 1115 1115 1172 δι)
1146 1130 1241 1157 cum
1271 1117 1537 1170 imperativo:
1570 1117 1614 1156 in
1642 1115 1740 1156 Dia-

270 1185 372 1238 logis
425 1184 689 1226 Mortuerum
741 1186 857 1227 Gallo
907 1187 1102 1228 Vitarum
1152 1187 1361 1228 Auctione
1405 1186 1616 1227 Piscatore
1665 1185 1739 1227 Bis

269 1254 478 1294 Accusato
510 1254 784 1296 Hermotimo.

383 1324 616 1366 Lucianum
648 1327 874 1379 posteriore
906 1330 1056 1380 aetate,
1089 1327 1198 1380 quod
1223 1326 1274 1366 ad
1296 1325 1502 1368 scribendi
1524 1327 1739 1367 materiam

267 1394 433 1448 attinet,
484 1397 656 1449 propius
701 1397 924 1437 accessisse
968 1397 1019 1438 ad
1066 1398 1286 1451 scriptores
1332 1408 1619 1449 romanenses,
1667 1396 1738 1449 qui

267 1464 483 1517 dicuntur,
515 1466 658 1518 eisque
690 1466 863 1518 similes,
903 1467 1058 1520 optime
1085 1480 1181 1507 cum
1211 1467 1255 1506 in
1288 1466 1452 1506 Baccho
1483 1469 1524 1506 et
1554 1465 1738 1506 Hercule

267 1534 348 1573 iam
381 1535 602 1588 sentimus,
630 1538 719 1575 trun
750 1537 795 1575 in
827 1535 1011 1589 Electro,
1044 1535 1343 1589 Phflopseude,
1374 1535 1699 1588 Icaromenippo.

382 1604 525 1657 Atque
567 1605 732 1646 eosdem
773 1605 1008 1646 Lucianum
1051 1619 1097 1646 eo
1139 1610 1342 1659 tempore,
1385 1618 1468 1659 quo
1499 1604 1594 1645 Ver.
1627 1604 1736 1645 Hist.

266 1674 529 1727 conscripsit,
556 1674 695 1715 studio
717 1688 763 1715 ac
783 1675 924 1716 favore
948 1676 1189 1729 amplexum
1212 1688 1301 1716 esse
1323 1678 1511 1728 apparet:
1543 1687 1737 1728 magnam

265 1743 377 1783 enim
417 1747 578 1796 partem
620 1757 782 1798 eorum,
826 1758 933 1798 quae
974 1746 1017 1785 in
1047 1745 1145 1786 Ver.
1177 1745 1285 1785 Hist.
1326 1746 1505 1797 iocatur,
1547 1756 1569 1784 e
1602 1743 1739 1785 Otesia

265 1811 440 1853 ssim-isse
471 1814 648 1867 scriptor
677 1815 766 1868 ipse
797 1815 953 1855 indicat
983 1815 1022 1868 Ι,
1050 1816 1094 1866 33
1128 1819 1175 1855 ut
1201 1816 1459 1855 narrationes
1481 1814 1532 1855 de
1552 1813 1737 1855 fontibus

264 1882 526 1923 mirabilibus
554 1884 597 1922 in
623 1883 721 1924 Ver.
742 1884 852 1925 Hist.
880 1885 917 1938 Ι,
944 1886 964 1924 7
988 1888 1029 1925 et
1049 1883 1109 1938 ΙΙ,
1134 1885 1185 1924 16
1218 1884 1333 1925 haud
1364 1883 1490 1924 dubie
1520 1884 1738 1924 imitantur

265 1952 473 1992 medicum
513 1953 653 2006 illum,
698 1955 770 2007 qui
811 1954 862 1994 de
898 1954 1084 1995 fontibus
1122 1954 1330 2008 permulta
1360 1954 1568 2007 congessit
1597 1953 1738 1994 mira.2

265 2021 413 2074 Itaque
445 2035 535 2062 eam
567 2036 735 2076 quoque
765 2024 1124 2064 narratiunculam
1156 2024 1205 2064 de
1235 2024 1348 2064 sonte
1380 2023 1528 2075 Sileni,
1556 2035 1663 2076 quae
1691 2023 1735 2062 in

265 2090 431 2131 Baccho
461 2095 543 2145 est,
576 2105 597 2132 e
631 2092 768 2133 Ctesia
797 2097 1054 2147 assumptam
1086 2106 1175 2134 esse
1206 2092 1418 2146 probabile
1450 2095 1533 2142 est3
1569 2096 1609 2133 et
1640 2105 1734 2132 cum

266 2160 416 2200 similia
447 2162 632 2214 exceptis
663 2163 728 2203 his
759 2162 922 2203 duobus
952 2162 1102 2203 libellis
1133 2162 1245 2215 apud
1280 2166 1472 2202 nostrum
1502 2174 1586 2201 non
1619 2162 1735 2202 inve-

266 2229 452 2282 niantur,
491 2230 570 2270 hoc
602 2244 770 2284 quoque
801 2235 1095 2285 argumentum
1130 2231 1217 2272 fore
1248 2232 1411 2284 putavi⁷
1450 2231 1665 2271 Bacchum
1696 2233 1736 2271 et

264 2298 362 2339 Ver.
393 2299 502 2340 Hist.
534 2299 662 2341 libros
692 2314 777 2341 uno
811 2305 994 2354 tempore
1026 2302 1200 2354 scriptos
1231 2313 1330 2341 esse.

381 2368 468 2409 Nec
518 2382 616 2410 vero
667 2383 832 2411 omnem
879 2370 1061 2412 fructum
1109 2384 1161 2411 ex
1210 2370 1523 2411 narratiuncula
1565 2369 1637 2409 illa
1681 2382 1734 2409 ex

267 2437 417 2477 Bacch.
450 2450 482 2478 c.
512 2439 533 2477 7
576 2439 794 2494 desumpta
830 2442 912 2481 iam
947 2441 1210 2495 percepimus
1247 2444 1412 2480 nostrae
1439 2439 1731 2493 disputationi:

382 2553 418 2595 1)
443 2564 477 2586 v.
498 2564 606 2587 merc.
628 2555 728 2589 cond.
757 2566 786 2589 c.
805 2555 826 2589 6
853 2556 931 2600 φέρ’
952 2553 1028 2596 οὖν,
1054 2566 1082 2589 c.
1104 2554 1148 2589 10
1172 2554 1251 2599 φέρ’
1273 2555 1339 2597 ἤδη
1364 2565 1425 2598 pro
1450 2556 1537 2598 φέρε
1561 2553 1616 2594 δὴ,
1642 2553 1735 2598 qUOd

272 2609 357 2643 alibi
384 2622 488 2654 saepe
514 2612 657 2656 legitur.

383 2668 417 2711 ⁸23)
444 2669 487 2702 cf.
515 2669 627 2704 Indic.
651 2670 683 2713 4,
709 2670 762 2713 10,
793 2671 845 2713 1-1,
871 2669 924 2713 30,
957 2671 1079 2713 fragm.
1107 2671 1160 2705 32⁷».
1187 2670 1232 2703 40
1259 2669 1389 2713 (Lien).
1440 2668 1604 2705 Traditur
1628 2668 1736 2703 etiam

267 2726 380 2759 totmn
406 2725 536 2761 librum
564 2729 645 2772 περὶ
674 2732 851 2773 ποταμῶν
876 2728 1073 2772 scripsisse.
