1924 3063
741 195 1024 231 -27—

153 309 214 348 est
254 320 390 360 neque
427 308 618 360 equidem
652 320 767 360 nego.
828 307 975 360 Itaque
1006 319 1100 347 eum
1132 307 1175 346 in
1206 307 1230 347 1.
1262 307 1298 346 d.
1330 307 1421 347 hist.
1453 320 1609 348 conscr.

153 389 184 416 0.
217 377 281 416 21.
324 389 470 430 graeca
510 377 680 416 nomina
726 390 748 415 a
790 376 930 416 latinis
969 376 1225 430 distinguere
1263 377 1447 429 potuisse
1487 389 1610 417 nemo

153 445 274 485 credo
304 444 588 485 admirabitur.

268 513 428 554 Deinde
468 514 743 566 Schwarzius,
783 516 833 553 ut
870 514 1116 553 sententiam
1155 527 1272 554 suam
1309 513 1447 567 aliqua
1478 514 1613 567 specie

152 583 377 636 illuminet,
418 584 571 637 pergit:
617 582 810 635 ι11001011,
852 582 926 622 der
964 582 1070 623 viele
1100 583 1228 623 Jahre
1268 584 1310 622 in
1348 583 1495 623 Italien
1524 583 1612 623 und

155 651 316 692 Gallien
343 652 518 706 verlebt,
551 652 623 693 der
651 652 716 692 die
748 652 978 692 romischen
1009 652 1143 692 Sitten
1170 652 1257 692 und
1280 652 1524 693 Gebrauche
1554 653 1611 692 im

152 721 355 775 Nigrinus
401 722 476 762 mit
518 721 609 761 dem
656 720 884 761 treffenden
930 720 1072 761 Pinsel
1123 721 1236 761 eines
1281 721 1611 775 eindringenden

153 790 430 831 Beobachters
460 790 629 845 gemalt,
670 790 742 830 der
771 791 814 829 in
846 789 952 830 Rom
982 791 1058 830 mit
1089 790 1429 831 einflussreichen
1460 790 1613 831 810013-

152 864 357 900 mannern
402 858 452 914 (z.
485 860 532 900 Β.
568 859 769 900 Rutillian
807 860 864 898 im
902 859 1163 914 Alexander)
1206 859 1402 899 verkehrt
1443 858 1612 899 hat...'

153 929 216 970 De
248 930 311 970 his
342 929 535 969 omnibus
567 929 668 983 quid
699 929 953 969 censendum
991 929 1060 982 sit,
1101 929 1225 982 paulo
1257 928 1498 983 diligentius
1533 928 1614 968 dis-

153 1011 296 1039 seram.

269 1070 410 1121 Atque
439 1069 621 1121 primum
653 1068 817 1121 quidem
842 1067 892 1108 de
915 1067 1046 1108 Gallia
1077 1070 1162 1108 tam
1187 1080 1320 1121 pauca
1339 1068 1616 1108 inveniuntur

152 1139 195 1177 in
228 1137 400 1177 Luciani
440 1138 620 1191 scriptis,
661 1141 707 1177 ut
746 1149 821 1190 per
855 1137 996 1190 plures
1025 1150 1157 1177 annos
1187 1150 1283 1177 eum
1316 1137 1373 1177 ibi
1402 1140 1614 1177 versatum

153 1219 243 1247 esse
275 1207 390 1247 nullo
420 1206 542 1247 modo
574 1209 744 1247 constet.
804 1206 1002 1260 Legimus
1033 1207 1144 1247 enim
1175 1207 1218 1246 in
1251 1206 1325 1246 Bis
1356 1207 1454 1246 Acc.
1496 1219 1528 1246 0.
1561 1205 1612 1245 27

153 1275 278 1316 verba
318 1275 558 1316 Rhetorices
598 1276 717 1316 haec:
763 1273 855 1315 ‘noca‘
895 1275 949 1315 τὰ
982 1272 1058 1327 μὲν
1095 1272 1168 1315 ἐπὶ
1206 1281 1278 1330 τῆς
1307 1270 1507 1323 Ἑλλάδος
1543 1271 1613 1314 καί

152 1352 224 1400 τῆς
259 1340 415 1394 Ἰωνίας
453 1342 621 1400 μέτρια,
666 1343 708 1393 ἐς
748 1342 793 1384 δὲ
835 1345 907 1400 τὴν
939 1340 1083 1385 Ἰόνιον
1121 1341 1429 1384 συνδιέπλευσα
1460 1341 1531 1384 καὶ
1561 1343 1615 1383 τὰ

152 1414 372 1454 τελευταῖα
431 1411 550 1469 μέχρι
609 1421 681 1469 τῆς
739 1413 928 1469 κελτικῆς
988 1411 1268 1468 συναπάρασα
1330 1411 1611 1468 εὐπορεῖσθαι

153 1478 416 1538 ἐποίησα..’
459 1487 500 1523 01
538 1484 578 1523 111
622 1483 742 1537 Apol.
784 1496 816 1524 c.
853 1484 904 1523 15
946 1483 1176 1523 Lucianus:
1222 1479 1290 1523 ιὃν
1329 1481 1415 1537 πρὸ
1456 1481 1618 1522 πολλοῦ

153 1547 266 1608 ᾕδεις
296 1550 368 1592 ἐπὶ
398 1554 591 1608 ῥητορικῇ
613 1549 795 1607 δημοσίᾳ
815 1549 1016 1607 μεγίστας
1035 1551 1313 1608 μισθοφορὰς
1334 1549 1615 1606 ἐνεγκάμενον,

155 1620 286 1662 ὁπότε
326 1621 434 1661 κατὰ
474 1619 583 1661 θέαν
620 1627 696 1662 τοῦ
735 1618 935 1677 ἑσπερίου
972 1617 1174 1661 Ὠκεανοῦ
1211 1618 1280 1661 καὶ
1320 1621 1393 1676 τὴν
1429 1619 1618 1675 κελτικὴν

155 1691 242 1743 ἅμα
282 1688 416 1731 ἐκπιὼν
457 1688 637 1742 ἐνέτυχες
675 1692 770 1746 ἡμῖν
803 1693 891 1740 τοῖς
921 1688 1260 1745 μεγαλομίσθοις
1289 1697 1371 1730 τῶν
1402 1696 1618 1745 σοφιστῶν

154 1757 556 1813 ἕναριθμοιμένοις]
607 1761 723 1801 Ηο00
754 1761 891 1801 01111110
920 1760 970 1801 (10
1000 1761 1413 1814 peregrinatione
1442 1758 1617 1799 Luciani

155 1832 389 1870 narrantur.
451 1830 555 1870 Iter
589 1831 632 1869 in
664 1830 848 1869 Eridano
878 1829 1052 1870 flumine
1085 1830 1239 1870 factum
1269 1830 1314 1869 in
1346 1829 1495 1869 Electr.
1528 1841 1559 1868 0.
1593 1830 1616 1868 2

155 1902 197 1939 01
227 1900 253 1939 4
294 1898 550 1939 describitur.
615 1898 777 1948 Quibus
814 1900 986 1940 minime
1018 1912 1124 1952 quae
1164 1900 1208 1938 in
1238 1898 1494 1952 lepidissima
1524 1911 1617 1938 nar-

155 1968 389 2009 ratiuncula
423 1964 633 2023 (Ηρακλῆς
677 1969 876 2022 inscripta
922 1971 1318 2022 connnemorantur,
1371 1971 1617 2022 repugnant.

154 2038 202 2078 In
244 2039 428 2079 itinere
466 2039 574 2078 enim
614 2039 796 2079 versanti
827 2038 1011 2078 Luciano
1050 2039 1242 2092 contigit,
1279 2040 1328 2078 ut
1361 2034 1620 2093 (φιλόσοφος

154 2114 236 2147 τῶν
264 2104 520 2161 ἐπιχωρι’ων’
536 2108 552 2132 1
574 2133 628 2137 —
650 2121 795 2162 graece
825 2112 1036 2159 nostrum,
1068 2121 1153 2148 non
1184 2108 1310 2148 latine
1337 2107 1543 2147 allocutus
1564 2130 1618 2135 -

155 2178 379 2231 imaginem
410 2177 605 2218 Herculis
636 2178 775 2232 gallici
806 2178 1044 2218 illustraret.
1116 2177 1233 2217 Haec
1264 2177 1402 2217 omnia
1434 2190 1540 2230 quae
1570 2176 1620 2217 de

158 2246 290 2286 Gallia
317 2246 565 2300 referuntur,
593 2247 812 2287 habemus:
846 2260 1056 2300 nusquam
1083 2247 1211 2301 igitur
1235 2259 1319 2286 uno
1345 2246 1505 2286 diutius
1529 2246 1619 2286 loco
1676 2280 1679 2285 .

157 2319 347 2356 versatus
377 2329 466 2357 esse
488 2316 789 2358 Samosatensis
821 2316 1014 2369 traditur,
1046 2316 1201 2357 nedum
1232 2315 1475 2369 habeamus,
1509 2315 1620 2368 quod

157 2399 252 2426 cum
280 2385 479 2426 Planckio
511 2386 561 2427 de
590 2387 823 2441 longinqua
844 2386 1040 2440 Lugduni
1071 2385 1325 2426 habitatione
1356 2385 1621 2439 cogitemus.2

275 2512 308 2553 1)
334 2522 379 2545 ex
401 2510 691 2545 Sommerbrodtii
714 2511 927 2553 coniectura,
954 2511 996 2544 cf.
1016 2510 1196 2545 Lucianea
1221 2522 1252 2553 p.
1273 2510 1337 2543 157
1364 2511 1397 2543 01
1421 2521 1453 2553 p.
1471 2509 1516 2544 89
1536 2519 1619 2553 seq„

159 2580 222 2613 pro
247 2569 346 2603 codd.
373 2568 452 2603 lect.
480 2568 522 2601 τὰ
548 2568 736 2612 ἐπιχώρια.

275 2626 309 2668 2)
336 2626 378 2660 cf.
407 2626 564 2668 Quaestt.
589 2626 675 2660 Luc.
701 2638 733 2669 p.
754 2626 790 2660 7:
827 2625 1009 2669 ‘Lugduni
1044 2637 1104 2669 per
1130 2625 1252 2659 decem
1276 2625 1349 2659 fere
1374 2635 1484 2659 annos
1510 2623 1620 2659 fuisse

160 2683 320 2727 suspicor
344 2683 557 2728 Lucianum,
585 2695 655 2728 qua
681 2684 715 2717 in
742 2684 827 2717 urbe
850 2685 890 2717 ut
910 2694 953 2717 ex
971 2684 1117 2718 Irenaeo
1137 2685 1171 2717 01
1189 2682 1341 2717 Eusebio
1359 2681 1478 2727 colligi
1495 2682 1620 2726 potest,

160 2741 331 2776 florebant
363 2743 439 2775 tum
473 2742 601 2776 artium
637 2741 838 2776 liberalium
872 2741 1017 2776 studia.’
1074 2740 1142 2775 Sed
1175 2741 1242 2775 hoc
1277 2752 1322 2774 ex
1355 2739 1488 2783 verbis,
1531 2749 1620 2784 quae
