1924 3063
873 171 1157 206 „44—

282 282 359 320 viri
403 282 602 335 dignitate
645 283 695 323 de
735 296 782 323 co
822 283 1018 323 disseruit
1059 283 1101 322 in
1137 282 1183 322 V.
1217 283 1255 324 S.
1290 282 1349 335 II,
1382 284 1446 323 33.
1508 282 1751 337 Eodemque

281 351 421 404 niodo,
454 353 488 392 si
515 353 823 406 respexerimus
856 352 1156 392 Philostratum
1189 352 1239 393 de
1271 356 1386 406 patre
1418 366 1514 406 suo,
1547 352 1597 392 de
1628 352 1750 393 Nica-

280 434 382 473 gora
408 421 674 475 Atheniensi,
707 422 757 462 dc
790 423 950 476 Apsine
982 421 1189 462 Phoenice
1221 422 1323 461 nihil
1354 422 1510 463 dixisse
1541 421 1608 476 (V.
1634 421 1672 463 S.
1694 421 1750 475 II,

283 490 348 542 33,
376 491 401 529 4
423 490 531 544 fin),
572 491 681 544 quod
715 491 764 531 ‹le
793 492 934 531 amicis
967 491 1150 532 scribens
1183 492 1363 545 timeret,
1402 495 1449 531 ut
1478 491 1601 532 fidem
1634 491 1750 532 inve-

281 559 406 612 niret,
437 560 549 601 hunc
577 562 838 615 scriptorem,
867 562 1058 615 quamvis
1081 562 1435 615 superstitiosum,
1464 564 1601 602 tamen
1623 562 1750 602 animi

280 629 431 669 minuti
475 633 547 670 aut
594 631 761 684 angusti
807 630 935 671 fuisse
979 644 1063 671 non
1106 630 1333 671 credemus.
1406 630 1487 671 Sed
1528 631 1563 671 si
1606 643 1751 672 revera

280 696 558 740 Philostratus
599 700 703 740 nihil
743 700 793 741 ‹le
833 700 1017 741 Lueiano
1064 704 1110 741 111
1156 700 1206 741 de
1248 701 1419 741 ‹lcorum
1467 704 1750 755 contemptore

279 768 435 821 attulit,
484 770 609 810 simul
655 770 857 811 habemus
902 771 1242 825 explicationem,
1290 784 1365 811 cur
1406 770 1456 810 de
1495 763 1750 811 Demonacte

280 838 447 891 quoqu'e
488 841 679 893 tacuerit,
723 841 795 894 (1111
836 853 921 880 11011
961 853 1080 881 secus
1124 854 1170 880 ac
1209 840 1420 880 Lucianus
1463 840 1660 894 cogitavit
1701 840 1750 881 de

280 906 343 948 dis
374 912 501 962 atque
532 910 820 964 religionibus,
853 923 959 963 quae
981 924 1004 950 a
1024 909 1277 950 Philostrato
1299 910 1514 964 permagni
1537 910 1749 951 aestimata

279 978 413 1018 sunt.l
473 978 567 1019 Hoc
597 980 728 1033 igitur
759 983 1053 1034 argumentum
1086 980 1311 1021 Schwarzii
1342 979 1445 1020 nihil
1476 979 1598 1020 valet.

394 1047 555 1089 Deinde
588 1049 850 1090 Schwarzius
892 1049 941 1090 de
980 1050 1224 1104 fragmentis
1254 1048 1522 1090 Demonactis
1561 1061 1667 1103 quae
1705 1050 1749 1090 in

280 1116 492 1171 florilegiis
533 1120 691 1172 graecis
732 1133 817 1160 non
855 1121 912 1160 ita
950 1134 1039 1160 rara
1079 1120 1375 1172 inveniuntur,
1413 1132 1547 1173 pauca
1578 1118 1746 1160 addidit.

279 1186 360 1227 Sed
406 1187 469 1228 his
522 1201 659 1242 neque
706 1188 971 1230 Schwarzius
1016 1189 1229 1241 satisfecit,
1278 1202 1433 1243 neque,
1481 1188 1593 1243 quod
1632 1188 1751 1230 valde

282 1258 421 1311 miror,
454 1258 691 1312 Ziegelerus
722 1271 860 1313 neque
890 1259 1199 1300 Wichmannus
1230 1272 1277 1299 ea
1309 1259 1478 1299 omnino
1510 1259 1750 1313 attigerunt,

283 1340 524 1381 quanquam
555 1329 598 1368 in
633 1329 709 1369 hac
740 1341 786 1369 re
817 1329 939 1369 cardo
972 1330 1227 1383 quaestionis
1258 1332 1459 1369 versatur.

394 1397 656 1439 Schwarzius
704 1399 782 1439 tria
832 1402 999 1439 tantum
1050 1399 1159 1439 dicta
1209 1397 1476 1439 Demonactis
1527 1399 1646 1439 novit
1696 1411 1747 1440 ex

278 1467 391 1507 Ioan.
423 1466 598 1509 Stobaeo
635 1472 675 1508 et
706 1468 821 1508 Ioan.
854 1467 1112 1509 Damasceno
1146 1469 1387 1522 desumpta3
1429 1469 1631 1522 cogitasse
1664 1482 1749 1509 non

278 1537 443 1577 videtur
473 1550 549 1578 nec
581 1537 631 1578 de
657 1538 832 1578 Antonii
855 1538 1084 1579 Maximive
1114 1538 1344 1592 florilegiis,
1376 1551 1428 1579 ne
1460 1538 1509 1578 de
1540 1551 1749 1579 commen-

278 1607 433 1648 tatione
471 1607 536 1647 Fr.
565 1607 616 1647 V.
654 1607 891 1661 Fritzschii,
936 1621 1042 1661 quae
1081 1608 1296 1649 Rostochii
1337 1622 1370 1648 a.
1413 1608 1525 1648 1864
1566 1609 1749 1662 primum

277 1676 387 1717 edita
418 1690 531 1717 nunc
562 1677 729 1718 demum
761 1679 806 1717 in
839 1678 1032 1719 editionis
1063 1679 1142 1718 viri
1179 1678 1526 1732 praestantissimi
1561 1678 1640 1718 vol.
1672 1678 1747 1720 ΠΙ.

276 1761 313 1801 p.
347 1748 371 1787 2
408 1760 498 1801 pag.
534 1746 637 1787 Xev
652 1747 807 1787 XXVI
838 1748 1013 1801 repetita
1043 1750 1115 1788 est.

392 1816 649 1857 Enumerata
680 1820 779 1857 sunt
810 1831 833 1857 a
866 1817 1097 1858 Fritzschio
1126 1817 1360 1871 fragmenta
1388 1816 1553 1867 XXIV,
1593 1830 1617 1857 a
1655 1817 1746 1871 qui-

277 1886 355 1927 bus
395 1886 599 1927 nonnulla
630 1888 769 1927 statim
801 1887 1055 1928 secernenda
1086 1891 1205 1939 sunt,
1249 1888 1347 1940 quia
1379 1888 1468 1928 sine
1499 1886 1626 1927 dubio
1657 1886 1748 1927 aliis

275 1956 532 2009 philosophis
578 1956 799 1997 tribuenda
845 1960 987 1997 011111.ν
1036 1957 1184 2010 Itaque
1229 1960 1441 2011 praetereo
1486 1956 1630 2011 fragm.
1668 1955 1745 1997 IX.

276 2025 444 2066 XXIII.
474 2025 639 2067 XXIV.

392 2095 583 2135 Primum
629 2095 910 2149 fragmentum
956 2096 1174 2137 Fritzscliii
1225 2096 1412 2136 senarius
1461 2099 1542 2136 est:
1598 2093 1747 2150 θνητοὶ

276 2171 452 2219 γεγῶτες
482 2164 537 2220 μὴ
566 2165 759 2220 (ρρονεῖ3’
786 2163 891 2219 ὑπὲρ
926 2165 1071 2216 θεούς,
1113 2166 1185 2219 qui
1224 2179 1285 2218 ap.
1323 2164 1434 2205 Stob.
1466 2164 1552 2205 flor.
1586 2165 1658 2218 22,
1693 2165 1744 2205 16

275 2247 371 2275 011111
403 2234 595 2274 lemmate
623 2234 909 2289 Δημώνακτος
935 2235 1100 2289 legitur.
1141 2235 1301 2276 Versus
1333 2238 1405 2275 aut
1436 2235 1571 2275 cuivis
1599 2238 1746 2287 poetae

275 2303 520 2344 Demonacti
563 2303 853 2345 attribuendus
895 2309 976 2357 est,
1027 2308 1099 2345 aut
1143 2308 1284 2344 nostro
1324 2303 1588 2356 Demonacti,
1634 2304 1746 2357 quod

275 2374 353 2413 hoc
385 2386 530 2426 versu,
561 2373 611 2413 ab
645 2375 817 2427 antiquo
849 2377 970 2428 poeta
1000 2375 1141 2427 petito,
1174 2386 1295 2427 saepe
1328 2373 1533 2414 utebatur.
1597 2373 1745 2427 Itaque

274 2444 347 2482 vix
377 2444 421 2482 in
448 2443 692 2497 fragmentis
719 2443 988 2485 Demonactis
1019 2443 1329 2497 perscrutandis
1360 2443 1646 2497 respiciendus
1671 2446 1744 2484 est.

393 2558 427 2599 1)
455 2557 497 2590 ef.
522 2557 593 2590 Vit.
621 2557 721 2590 Dem.
749 2569 776 2591 c.
800 2558 854 2590 11.
877 2557 930 2591 23.
950 2557 992 2591 ‘27
1020 2561 1054 2591 et
1079 2557 1317 2591 Fritzschium
1345 2557 1399 2590 ed.
1417 2556 1483 2599 DI,
1504 2556 1524 2589 2
1548 2568 1582 2600 p.
1600 2555 1742 2590 XXVI:

276 2614 373 2657 'ipsa
406 2614 531 2657 religio
566 2615 709 2648 videtur
741 2615 969 2650 Demonactis
1007 2618 1041 2649 01
1079 2615 1225 2649 Luciani
1267 2614 1368 2658 quasi
1407 2614 1581 2658 quaedam
1618 2613 1745 2657 copula

275 2672 401 2715 fuisse,
430 2683 578 2715 quorum
607 2672 746 2716 utrique
774 2684 961 2707 commune
988 2674 1055 2706 fuit
1083 2672 1348 2716 superstitionis
1372 2672 1491 2705 odium
1519 2671 1742 2706 acerrimum.

275 2730 314 2762 ut
341 2730 402 2763 vix
428 2730 537 2764 statui
564 2733 700 2773 posset,
727 2732 806 2764 uter
832 2741 953 2765 eorum
978 2731 1126 2765 liberius
1154 2731 1197 2764 de
1222 2730 1328 2764 rebus
1354 2730 1503 2764 sentiret
1528 2728 1684 2763 divinis]
