1924 3063
697 178 805 205 ’ψ-
875 181 925 216 59
990 201 1042 204 -

171 295 359 335 Athenas
404 299 515 334 recta
560 295 623 334 via
672 294 898 347 profectum
942 292 997 332 ibi
1040 292 1178 331 statim
1225 302 1386 342 semper
1419 288 1630 328 mansisse.

172 364 360 404 Fortasse
391 364 530 416 igitur,
563 364 595 403 si
630 363 847 403 obscurata
879 362 1055 413 vestigia
1084 359 1478 413 apophthegmatum
1511 356 1628 408 sequi

170 433 382 484 volumus,
412 432 631 472 Demonax
657 433 697 471 in
719 431 960 471 Macedonia
982 432 1172 470 versatus
1195 432 1256 468 est
1286 427 1336 480 (c.
1363 428 1444 479 15),
1476 425 1631 465 Romae

171 500 245 554 (cc.
276 503 340 542 38.
370 502 435 542 40.
465 500 553 554 41),
595 501 639 540 111
671 500 977 540 Lacedaemone
1009 498 1060 551 (c.
1089 498 1181 552 46),
1224 498 1269 536 in
1300 496 1426 549 Epiro
1463 494 1514 547 (0.
1546 495 1630 545 55),

170 575 278 611 certe
301 570 518 624 Olympiae
545 572 596 624 (0.
621 569 692 624 58)
724 570 871 623 perdiu
903 582 1000 609 vero
1022 568 1200 608 Athenis
1223 566 1274 621 (e
1301 567 1350 606 11
1385 569 1427 605 01
1446 564 1629 617 passim).

169 640 340 679 Annum
374 639 457 679 fere
488 640 761 679 centesimum
785 651 913 692 agens
934 641 1123 677 mortuus
1146 640 1207 677 est
1231 636 1243 687 (
1249 651 1280 676 0.
1305 634 1388 688 63).
1438 634 1494 673 lis
1525 645 1631 685 quae

170 708 401 749 Fritzchius
431 709 475 748 in
505 709 598 748 edit.
630 708 707 747 vol.
739 707 797 760 Π,
830 708 850 746 1
889 720 926 760 p.
958 708 1037 747 189
1071 706 1120 746 de
1151 710 1335 758 tempore
1366 702 1632 744 Demonactis

170 778 322 830 optime
352 777 507 830 attulit,
539 777 642 817 nihil
673 776 819 828 habeo,
854 776 965 829 quod
996 775 1154 815 addam.

288 845 402 894 Quae
432 847 481 887 de
513 846 744 886 eruditione
774 844 1042 886 Demonaetis
1073 844 1308 896 traduntur,
1341 843 1493 896 optime
1523 843 1632 881 iuter

170 927 213 954 se
245 919 494 968 congruunt.
557 916 595 955 A
626 927 756 968 puero
789 915 925 955 studio
959 913 1242 967 philosophiae
1275 925 1363 952 sese
1396 912 1476 951 iam
1508 910 1631 963 dedit,

171 987 319 1023 natura
359 987 486 1037 atque
525 984 693 1037 ingenio
737 997 812 1024 suo
850 988 1063 1037 permotus
1103 984 1153 1036 (e.
1189 984 1244 1033 3).
1316 980 1465 1034 Neque
1504 980 1631 1019 alium

169 1052 321 1093 habent
354 1066 522 1093 sensum
547 1058 657 1106 quae'
684 1066 715 1093 0.
742 1054 792 1093 12
815 1053 883 1093 fin.
908 1056 1140 1092 narrantur.
1192 1050 1455 1100 Quibuscum
1480 1050 1633 1103 optime

168 1126 430 1175 comparatur
470 1119 772 1176 fragliientum:
815 1120 1026 1176 Δημῶναξ
1066 1118 1295 1175 ἐρωτηθεὶς
1336 1118 1443 1160 πότε
1483 1116 1632 1174 ἤρξατο

168 1190 439 1247 φιλοσοφεῖν·
475 1190 543 1231 {he
574 1191 938 1245 καταγιγνώσκειν,
972 1186 1064 1246 ἔφη,
1098 1188 1277 1241 ἐμαυτοῦ
1310 1187 1500 1245 ἠρξάμην.

284 1260 502 1300 Demonax
535 1265 674 1302 autem
707 1274 791 1300 non
824 1257 1044 1308 ιἄιίἰιττυις
1075 1256 1204 1299 .ι()σι”
1235 1259 1407 1299 accessit
1437 1258 1488 1298 ad
1520 1258 1631 1297 illam

169 1330 278 1369 vitae
308 1331 528 1383 rationem,
560 1331 631 1371 sed
671 1334 891 1385 postquam
932 1333 1075 1383 poetas
1107 1330 1205 1383 legit
1237 1333 1276 1369 et
1307 1328 1449 1368 didicit
1480 1331 1520 1368 et
1551 1327 1633 1367 010-

170 1400 363 1451 111101111110
394 1400 530 1440 studio
564 1413 607 1440 se
635 1400 747 1440 dedit
778 1413 855 1440 nec
885 1400 1068 1453 corporis
1100 1399 1259 1439 cultum
1290 1398 1483 1451 neglexit.
1532 1397 1633 1437 Pro—

168 1470 307 1520 pterea
338 1469 377 1508 in
409 1469 768 1523 apophthegmatis
798 1470 962 1523 saepius
993 1470 1231 1509 invenimus
1258 1481 1353 1508 eum
1383 1467 1632 1507 athletarum

169 1538 394 1578 certamina
426 1543 677 1592 spectantem
710 1539 890 1580 iudicem
921 1552 1063 1579 eorum
1087 1538 1197 1578 haud
1221 1538 1464 1578 clementem
1493 1536 1544 1591 (0.
1570 1537 1632 1575 16.

170 1606 234 1646 38.
268 1608 333 1647 49.
369 1608 452 1661 65).
527 1607 589 1648 Dc
631 1609 843 1649 literarum
886 1609 1121 1662 cognitione
1161 1621 1294 1661 pauca
1334 1607 1631 1647 inveniuntur:

168 1675 379 1728 Apollonii
406 1677 559 1717 Rhodii
581 1679 862 1731 Argonautica
896 1682 1068 1719 noverat
1099 1678 1149 1732 (0.
1171 1678 1261 1732 31),
1292 1677 1523 1717 Homerum
1546 1675 1632 1729 (26.

153 1744 235 1797 cO,
270 1746 360 1800 111),
393 1746 442 1786 de
474 1746 616 1787 Danae
648 1748 840 1799 mythum
873 1746 923 1801 (0.
957 1747 1048 1801 17),
1081 1748 1261 1800 (1011111110
1292 1746 1634 1800 1)11110501)1101·11111

167 1827 308 1867 opera,
351 1815 541 1868 inprimis
583 1816 770 1857 Platonis
812 1821 852 1857 et
889 1817 1126 1857 Aristotelis
1163 1820 1214 1871 (0.
1255 1819 1318 1857 33.
1354 1817 1418 1856 56.
1451 1817 1517 1855 18.
1549 1816 1634 1869 62).

168 1882 315 1936 Neque
347 1885 607 1938 singularum
641 1890 846 1926 sectarum
877 1890 1095 1940 praecepta
1126 1890 1252 1939 atque
1286 1886 1480 1939 dogmata
1517 1886 1634 1939 igno-

168 1952 295 2005 rabat,
325 1953 395 1993 5011
422 1954 587 1994 11111111111
609 1956 853 2009 magistrum
875 1956 996 2009 plane
1018 1968 1198 2009 sequens
1220 1955 1448 1995 multorum
1471 1955 1631 1995 decreta

167 2022 217 2061 ad
255 2036 372 2062 suam
414 2024 545 2076 ipsius
585 2026 832 2065 sententia-m
868 2039 915 2065 110
947 2025 1206 2079 disciplinam
1238 2025 1415 2079 redegit,
1451 2025 1632 2064 maxime

166 2104 264 2131 vero
298 2093 333 2131 ei
367 2092 555 2133 Socrates
586 2098 626 2134 et
658 2094 867 2148 Diogenes
898 2095 1145 2149 placuerunt
1176 2094 1304 2149 (0.5).

282 2160 438 2214 Pauca,
482 2176 588 2216 quae
627 2163 677 2204 de
715 2164 1034 2218 philosophandi
1066 2165 1226 2205 ratione
1255 2164 1522 2205 Demonactis
1553 2163 1631 2203 dici

166 2234 410 2283 potuerunt,
444 2231 521 2271 hoc
549 2232 637 2272 loco
669 2233 826 2287 collegi.
888 2233 1075 2274 Dubium
1108 2246 1197 2274 0550
1229 2247 1313 2273 11011
1342 2236 1496 2287 potest,
1528 2233 1628 2285 quin

166 2298 449 2351 philosophiae
488 2314 584 2354 pars
624 2303 792 2343 moralis
830 2306 877 2343 ut
916 2304 1006 2344 aliis
1046 2304 1173 2344 huius
1212 2304 1358 2344 aetatis
1395 2303 1452 2342 ita
1489 2306 1632 2342 nostro

166 2366 410 2421 philosopho
452 2370 517 2410 vel
558 2372 740 2412 maxime
782 2386 906 2412 curae
946 2372 1089 2423 fuerit,
1130 2372 1201 2413 sed
1243 2373 1364 2413 ctiam
1404 2372 1631 2425 logicorum

166 2439 206 2475 et
249 2436 482 2478 dialecticae
526 2440 663 2480 studio
704 2442 836 2495 magis
879 2454 967 2482 sese
1004 2442 1164 2482 dedisse
1196 2441 1362 2481 videtur
1395 2454 1518 2494 quam
1551 2441 1631 2493 alii,

167 2518 199 2544 0.
223 2518 254 2544 c.
286 2505 508 2559 Epictetus.
559 2509 754 2562 Inprimis
785 2512 895 2551 0111111
928 2511 1107 2551 naturali
1142 2511 1321 2564 quadam
1351 2511 1507 2564 ingenii
1536 2523 1631 2550 acu-

168 2575 279 2615 mine
315 2576 349 2616 ei
391 2576 622 2618 (lilemmata
657 2594 763 2633 quae
796 2584 998 2620 vocantur
1027 2584 1152 2633 atque
1185 2580 1432 2633 sophisticae
1463 2580 1630 2620 conclu-

166 2643 303 2685 siones
343 2646 525 2686 iucunda
566 2648 755 2702 fuerunt,
795 2650 866 2690 sed
908 2663 989 2689 non
1025 2654 1106 2690 tam
1139 2649 1472 2689 adiuvandorum
1505 2663 1629 2703 quam

165 2713 544 2768 impugnandorum
567 2719 845 2772 sophistarum
869 2733 1002 2759 causa.
1053 2719 1201 2773 Itaque
1223 2719 1630 2762 commemorandum
