1924 3063
740 153 996 186 -5—

137 274 277 317 ‘crycog'
304 258 529 317 (Ηράκλεις
559 269 630 318 τῆς
661 260 1026 316 παραδοξολογίας
1054 262 1145 302 ’,εἷλ’
1180 276 1300 304 1101110
1333 264 1383 303 ad
1417 263 1599 317 dialogos

139 332 400 384 satyricaque
441 333 591 385 scripta
631 335 749 373 antea
785 333 955 372 recitata
995 332 1147 373 referre
1185 346 1269 373 non
1309 336 1459 387 potest,
1503 346 1598 373 cum

137 401 181 440 in
221 401 472 455 sophisticis,
521 414 627 454 quae
670 405 912 455 supersunt,
961 402 1061 455 quid
1105 403 1202 442 novi
1247 403 1361 455 insit,
1408 403 1597 444 nesciam.

138 469 348 511 Lucianus
379 471 508 524 igitur
538 484 584 511 eo
615 474 817 524 tempore,
851 484 934 524 quo
958 470 1134 511 Zeuxim
1161 472 1341 525 scripsit,
1374 472 1456 512 iam
1487 476 1598 512 tran-

138 540 262 580 sierat
292 539 342 580 ab
374 540 589 581 rhetoricis
623 541 674 580 ad
705 541 884 592 satyrica
915 541 1065 593 scripta
1096 541 1390 594 componenda.
1450 541 1599 595 Itaque

137 622 212 649 cur
243 608 424 650 Meesius
456 610 505 650 de
534 609 713 662 Baccho,
757 622 881 663 quem
913 609 1147 663 sophisticis
1180 614 1445 663 annumerat,
1481 610 1600 652 aliter

136 678 400 731 iudicaverit,
442 692 526 719 non
569 679 774 733 intellego.
836 679 887 719 In
926 679 1081 720 Bacchi
1123 681 1251 733 enim,
1293 693 1417 733 quem
1455 680 1599 721 eodem

136 746 219 788 fere
259 750 444 801 tempore
484 750 608 801 atque
637 748 863 789 Herculem
895 750 1128 802 composuit
1159 752 1320 802 auctor,
1362 763 1447 803 cap.
1481 751 1504 790 5
1543 751 1600 790 ita

137 817 186 857 de
216 817 389 857 materia
419 818 672 858 recitationis
705 831 831 870 quam
861 818 1080 859 habiturus
1105 822 1182 872 est,
1213 819 1417 872 loquitur,
1448 822 1598 859 utnon

137 887 408 939 sophisticiun
449 886 521 927 sed
561 888 789 939 satyricum
820 891 946 941 atque
986 886 1270 942 (παράδοξον
1303 892 1597 942 argumentum

136 970 183 996 ea
213 957 417 996 contineri
448 960 651 1010 appareat.
706 956 902 998 Conferas
934 958 1059 998 velim
1090 970 1137 998 ea
1163 958 1427 1011 potissimum
1459 957 1598 1011 verba,

137 1039 242 1079 quae
281 1029 381 1066 sunt
420 1025 497 1066 sub
535 1025 661 1066 finem
697 1027 863 1080 capitis:
913 1024 1245 1081 (ἐπαγγέλλομαι
1279 1024 1421 1075 αὐτοῖς
1454 1025 1521 1067 ὅτε
1554 1025 1599 1082 ἢν

136 1093 203 1135 καὶ
239 1101 304 1134 νῦν
335 1094 390 1144 ὡς
419 1093 628 1149 πρότερον
658 1109 765 1136 ποτε
794 1095 864 1151 τὴν
885 1095 1050 1152 τελετὴν
1072 1093 1334 1151 ἐθελήσωσιν
1357 1093 1393 1136 οἳ
1418 1094 1598 1136 παλαιοὶ

137 1162 351 1217 σι’μπόται
385 1163 534 1216 κώμων
564 1171 713 1205 κοινῶν
743 1171 824 1205 τῶν
854 1163 949 1205 τότε
981 1172 1155 1219 καιρῶν,
1192 1162 1261 1204 καὶ
1292 1165 1347 1220 μ’)
1382 1179 1598 1221 καταφρο-

136 1232 287 1289 νήσωσι
329 1240 410 1274 τῶν
450 1233 644 1289 Σατύρων
686 1231 755 1274 καὶ
795 1234 999 1289 Σειλῃνῶν
1038 1234 1144 1276 κτλ.’
1206 1234 1364 1287 Ecquis
1405 1239 1487 1288 est,
1526 1236 1598 1288 qui

138 1317 200 1344 vv.
244 1310 324 1343 τῶν
364 1301 458 1343 τότε
498 1310 654 1357 καιρῶν
699 1304 912 1344 referenda
953 1307 1072 1358 putet
1113 1304 1164 1344 ad
1204 1304 1247 1344 id
1285 1308 1469 1357 tempus,
1516 1318 1598 1357 quo

134 1372 363 1427 Lucianus,
406 1373 562 1414 scilicet
600 1376 696 1414 ante
737 1374 831 1427 plus
862 1374 1014 1428 viginti
1047 1387 1179 1414 annos
1210 1374 1350 1414 rhetor
1381 1374 1597 1414 extiterit?

134 1442 285 1483 Nonne
316 1443 469 1496 optime
501 1443 741 1484 referuntur
773 1443 823 1483 ad
855 1444 1007 1497 scripta
1036 1444 1232 1495 satyrica,
1266 1456 1372 1496 quae
1393 1444 1600 1497 permulta

134 1513 306 1566 legerat,
343 1513 514 1553 minime
557 1526 655 1553 vero
688 1513 739 1553 ad
771 1513 1090 1553 declamationes
1121 1513 1415 1553 usitatissimas
1446 1526 1600 1567 easque

134 1581 394 1623 mediocres?
469 1582 613 1636 Atque
663 1583 785 1623 etiam
834 1583 955 1635 alias,
1008 1595 1114 1635 quae
1167 1582 1335 1636 quidem
1380 1586 1473 1636 post
1523 1584 1601 1624 iter

135 1650 325 1704 Luciani,
357 1652 468 1705 quod
493 1651 567 1692 Bis
588 1652 684 1692 Acc.
717 1666 748 1692 c.
770 1653 822 1692 27
856 1651 1118 1705 describitur,
1150 1653 1405 1706 conscriptae
1430 1652 1598 1693 videan-

135 1724 215 1773 tur,
245 1720 518 1774 praefationes
549 1722 605 1761 ita
633 1725 796 1762 coortas
823 1734 911 1762 esse
939 1725 1053 1775 puto,
1080 1725 1128 1761 ut
1149 1721 1464 1762 recitationibus
1485 1726 1598 1763 ante-

134 1791 344 1843 cesserint,
368 1804 453 1831 11011
475 1791 844 1832 declamationibus
864 1791 1091 1844 rhetoricis,
1116 1804 1220 1845 quae
1243 1795 1343 1831 sunt
1363 1791 1598 1832 Ε10011·111111

135 1863 174 1900 01
204 1859 480 1901 Ηο101101113.2
530 1860 734 1900 Tirocinia
762 1861 888 1901 huius
914 1861 1078 1914 generis
1106 1860 1303 1900 videntur
1323 1860 1600 1901 existimanda

134 1942 224 1970 esse
252 1929 532 1970 Harmonides
565 1934 605 1970 et
636 1930 807 1983 Scytha,
839 1943 1019 1983 quorum
1050 1930 1100 1970 de
1132 1933 1331 1983 tempore,
1364 1944 1464 1971 num
1498 1934 1600 1971 tem-

134 2000 223 2052 pori
272 1999 476 2040 rhetorico
525 2001 704 2040 auctoris
751 2000 1026 2040 adiudicanda
1078 2000 1178 2053 sint,
1234 2000 1369 2040 adhuc
1423 2000 1597 2054 ambigo.

135 2068 457 2109 Concedendum
505 2073 641 2110 tamen
691 2073 771 2123 est,
819 2082 962 2110 omnes
1010 2069 1246 2124 προλαλιιὶς
1292 2071 1599 2124 aliquantulum

136 2138 297 2179 differre
338 2138 387 2178 ab
426 2139 519 2179 aliis
556 2139 719 2192 scriptis
751 2140 940 2191 satyricis
978 2139 1042 2179 vel
1075 2139 1278 2180 historicis
1307 2139 1500 2193 Luciani,
1542 2141 1597 2180 ita

135 2212 182 2248 ut
222 2212 262 2248 01
299 2208 343 2247 111
384 2208 580 2248 narrandi
618 2209 777 2249 ratione
816 2212 857 2249 et
886 2209 929 2249 in
962 2212 1112 2249 ornatu
1143 2210 1321 2249 oratorio
1351 2209 1475 2262 paulo
1506 2223 1600 2263 pro-

134 2277 230 2331 pius
266 2278 464 2318 accedant
505 2278 557 2318 ad
597 2278 812 2319 rhetorica.
876 2277 1000 2327 Quod
1039 2280 1082 2318 ni
1122 2279 1242 2319 fallor
1281 2280 1434 2332 optime
1468 2280 1599 2332 expli-

135 2349 272 2387 catur:
315 2347 520 2388 rhetorica
560 2348 671 2388 enim
712 2361 815 2389 usus
857 2352 919 2389 est
960 2348 1090 2389 forma
1128 2348 1356 2401 Lucianus,
1398 2352 1445 2388 ut
1483 2361 1599 2402 prac-

134 2416 288 2456 fatione
332 2442 354 2444 v*
397 2418 633 2458 memoriter
662 2418 836 2459 fortasse
866 2419 1137 2471 pronuntiata
1165 2443 1214 2446 ·—
1246 2418 1361 2458 velut
1392 2418 1597 2472 specimen

136 2484 288 2526 liberae
320 2485 483 2526 dicendi
512 2487 614 2527 artis
644 2487 776 2539 daret,
816 2488 1061 2541 priusquam
1103 2486 1391 2542 ίσύγγραμμα>
1429 2487 1598 2540 aliquod

136 2566 189 2595 ex
219 2555 503 2608 manuscripto
534 2556 700 2610 legeret.

253 2703 287 2744 1)
314 2702 357 2736 cf.
384 2713 412 2736 c.
438 2702 468 2736 2.
610 2701 644 2746 2)
670 2704 712 2737 cf.
740 2715 768 2737 c.
791 2704 824 2737 5.
