1924 3063
874 196 925 200 -
988 174 1041 211 42
1106 196 1158 200 -

285 284 356 324 sed
389 285 648 339 eclecticum,
692 288 762 340 qui
796 287 846 326 ol)
880 300 969 328 eam
1001 302 1169 329 causam
1203 289 1253 328 ad
1286 288 1537 340 Cynicorum
1571 289 1752 343 discipli-

285 367 381 393 nam
423 355 558 407 speeie
597 357 769 409 propius
810 357 1049 411 accedebat,
1094 358 1204 410 quod
1246 371 1327 403 non
1368 363 1451 398 tam
1489 359 1677 399 doctrina
1714 362 1754 400 et

286 421 533 477 subtilitate,
565 438 687 477 quam
722 426 984 478 simplicitate
1012 431 1052 467 et
1082 431 1231 467 natura
1260 428 1636 481 philosophabatur.

401 492 828 547 Scluvarzius-igitur
867 508 913 535 eo
952 497 1125 536 consilio
1158 496 1425 538 Demonaetis
1458 499 1584 538 vitam
1617 512 1640 538 a
1671 498 1752 540 Lu-

283 561 399 600 cia-no
433 563 622 615 scriptam
657 567 794 617 putat,
826 568 875 604 ut
907 566 1106 617 optimam
1138 566 1374 620 philosophi
1407 568 1582 620 speciem
1610 567 1752 621 depin-

282 634 407 683 geret.
472 632 591 672 Certe
625 646 677 673 ex
710 647 764 674 ce.
795 635 814 674 1
841 637 882 674 et
904 636 928 674 2
961 635 1112 688 elucet,
1147 640 1357 677 auctorem
1391 650 1556 690 operam
1588 650 1752 690 navare,

282 703 330 740 ut
365 702 605 754 exemplum
642 703 878 757 philosophi
911 704 1008 745 boni
1041 705 1391 759 adolescentibus,
1436 707 1508 759 qui
1540 707 1590 751 ad
1620 708 1752 760 philo-

283 770 451 823 sophiae
479 771 664 812 studium
697 786 787 814 sese
819 774 915 814 dare
948 775 1097 825 velint,
1130 780 1295 829 praesto
1323 777 1394 829 sit,
1427 776 1474 816 cf.
1504 789 1536 819 c,
1559 778 1606 816 2:
1641 776 1751 826 ιὼς..

283 835 319 879 οὶ
354 835 636 893 γενναιότατοι
670 844 753 882 τῶν
781 841 882 883 νέων
908 843 978 884 καὶ
1010 844 1119 899 πρὸς
1140 842 1401 901 φιλοσοφίαν
1425 845 1599 900 ὁρῶντες
1620 841 1753 897 ἔχοιεν

282 942 315 948 ..
349 907 502 948 κανόνα
532 908 863 965 προστίθεσθαι
898 911 965 953 καὶ
1001 912 1144 969 ζηλοῦν
1176 912 1332 954 ἐκεῖνον
1364 912 1536 968 ἄριστον
1567 910 1622 954 ὧν
1655 909 1752 955 office

281 975 362 1032 ἐγὼ
390 977 640 1035 φιλοσόφων
671 980 917 1035 γενόμενονῇ
972 984 1053 1025 Sed
1080 984 1342 1025 Schwarzius
1374 984 1474 1025 haec
1505 985 1595 1037 ipsa
1627 984 1751 1025 verba

278 1062 353 1101 pro
395 1050 547 1103 spuriis
589 1050 730 1104 habet,
773 1065 868 1092 cum
907 1054 1041 1107 capita
1075 1055 1095 1094 1
1131 1057 1172 1094 et
1204 1056 1227 1094 2
1269 1054 1554 1107 interpolatori
1587 1054 1752 1095 cuidam

279 1118 504 1160 christiano
546 1120 721 1161 addicat.
796 1121 1078 1175 Interpolator
1118 1124 1266 1177 igitur,
1312 1136 1398 1163 non
1438 1123 1669 1177 Lucianus,
1709 1124 1751 1164 id

280 1190 499 1242 spectavit,
542 1190 576 1229 si
617 1190 750 1231 Schw.
789 1193 1006 1245 sequimur
1042 1193 1211 1246 ducem,
1253 1196 1300 1233 ut
1332 1193 1572 1247 exemplum
1605 1194 1751 1247 optimi

278 1257 513 1311 philosophi
554 1260 842 1314 constitueret,
885 1266 958 1302 aut
999 1266 1125 1316 certe,
1169 1264 1203 1304 si
1234 1264 1277 1303 id
1310 1263 1421 1317 quod
1450 1262 1622 1303 Luciam
1653 1276 1750 1304 eon-

278 1327 417 1367 silium
448 1328 576 1369 fuisse
605 1328 868 1371 Schwarzius
895 1332 1003 1385 vult,
1036 1336 1146 1373 recte
1167 1333 1393 1386 intellexit,
1427 1333 1593 1373 disertis
1614 1333 1751 1374 verbis

277 1395 387 1436 idem
429 1398 607 1450 exprimi
649 1402 838 1452 oportere
878 1402 1053 1454 putavit.
1116 1402 1449 1443 Incertissimmn
1486 1406 1626 1443 autem
1656 1415 1750 1456 pro-

278 1466 384 1506 fecto
429 1470 509 1520 est,
552 1470 801 1509 sententiam
842 1470 892 1511 de
932 1471 1072 1512 libello
1104 1473 1247 1526 aliquo
1277 1472 1425 1512 fulcire
1455 1472 1750 1526 fundamentis,

280 1549 386 1588 quae
417 1538 680 1590 potissimum
710 1553 731 1580 e
762 1544 877 1593 parte
909 1542 1050 1594 spuria
1077 1542 1357 1596 depromenda
1386 1546 1506 1583 sunt:
1542 1541 1614 1582 ubi
1639 1543 1750 1583 enim

278 1605 511 1646 Lucianum
543 1608 682 1661 ipsum
715 1610 795 1650 tale
827 1610 928 1663 quid
959 1610 1114 1652 dixisse
1137 1611 1399 1652 Schwarzius
1426 1612 1576 1665 putat?
1609 1612 1749 1665 Atque

277 1676 310 1715 si
350 1676 622 1730 interpolator
661 1678 731 1718 ille
769 1679 1022 1721 christianus
1054 1681 1228 1722 eandem
1260 1682 1346 1721 vim
1378 1682 1579 1736 exempli,
1623 1695 1748 1735 quam

275 1745 358 1784 iam
389 1746 432 1785 in
454 1745 660 1788 Lucianeo
693 1749 845 1803 scripto
876 1750 1056 1803 invenit,
1090 1751 1178 1791 suis
1200 1751 1339 1792 verbis
1361 1764 1512 1805 augere
1535 1751 1747 1804 voluisset,

275 1827 360 1854 non
391 1815 604 1870 intellego,
638 1831 713 1858 cur
743 1819 913 1859 omnino
943 1819 1132 1860 libellum
1162 1824 1464 1862 retractaturus
1494 1821 1629 1862 fuerit.

391 1883 552 1926 Deinde
596 1886 822 1928 Schwarzii
876 1891 1125 1930 sententiam
1181 1890 1396 1931 infirmant
1447 1891 1536 1943 illa,
1592 1889 1746 1944 quibus

277 1954 499 2006 peculiaris
533 1957 619 1996 Veri
650 1957 831 1998 hominis
862 1960 948 1999 Vita
975 1959 1225 2014 depingitur.
1275 1960 1385 2009 Quid
1413 1961 1554 2001 enim?
1593 1959 1745 2000 Demo-

276 2026 441 2063 nactem
473 2024 600 2078 Cypri
628 2030 776 2067 natum
806 2040 896 2068 esse
926 2028 1077 2082 ecquid
1107 2029 1158 2069 ad
1185 2030 1338 2070 summi
1368 2029 1481 2069 illius
1512 2029 1745 2083 philosophi

276 2094 484 2146 speeiem?
546 2094 698 2136 Nonne
729 2097 910 2138 Athenis
951 2102 1090 2138 ortmn
1129 2111 1218 2139 esse
1254 2099 1387 2152 magis
1417 2101 1744 2139 consentaneum

273 2162 422 2202 fuisset
442 2176 549 2216 eum,
574 2177 697 2217 quem
716 2165 801 2206 fere
823 2179 984 2220 semper
1002 2168 1184 2208 Athenis
1205 2168 1363 2208 vixisse
1383 2168 1518 2207 voluit
1539 2168 1742 2221 scriptor?

276 2231 381 2271 Cum
411 2234 654 2286 praesertim
676 2234 859 2275 Luciano
891 2237 1007 2276 cordi
1040 2250 1129 2277 esse
1159 2250 1243 2277 non
1275 2241 1430 2290 posset,
1464 2241 1510 2277 ut
1538 2236 1744 2291 deciperet

272 2302 448 2342 lectores
479 2302 529 2342 de
560 2316 737 2356 persona
763 2304 1050 2359 Demonactis,
1084 2319 1209 2359 quem
1242 2319 1404 2360 semper
1430 2307 1471 2346 in
1504 2306 1591 2347 foro
1611 2307 1742 2348 Athe-

274 2372 408 2411 niensi
441 2376 676 2413 versantem
707 2374 897 2416 finxerat.
951 2375 1033 2417 Sed
1064 2376 1140 2416 hoe
1169 2388 1221 2416 ne
1253 2376 1536 2417 Schwarzium
1572 2375 1740 2429 quidem

273 2440 427 2481 fefellit.
446 2442 458 2464 1
518 2441 666 2495 Itaque
711 2447 796 2484 toto
838 2444 949 2485 caelo
995 2445 1119 2486 distat
1164 2458 1340 2499 persona
1385 2445 1569 2499 Nigrini,
1615 2458 1740 2498 quem

274 2511 541 2564 peregrinum
572 2513 756 2553 maxima,
785 2514 828 2553 in
860 2514 964 2555 urbe
993 2515 1038 2554 in
1070 2514 1240 2555 domum
1270 2515 1480 2556 inclusum
1511 2514 1690 2555 induxit.

390 2669 422 2709 1)
456 2669 497 2703 cs.
536 2681 566 2713 p.
595 2670 678 2704 590:
716 2670 805 2704 'Fur
840 2672 897 2706 die
933 2671 1205 2716 gleichzeitigen
1239 2672 1412 2706 Griechen
1449 2672 1514 2716 gab
1546 2682 1584 2706 es
1620 2671 1738 2705 hierin

272 2724 375 2759 keine
399 2726 625 2771 Tauschung⁷
654 2729 718 2761 etc.
