1924 3063
834 172 1117 208 *28—

358 285 444 326 Ian]
488 285 706 325 videamus
748 285 798 325 de
836 285 966 325 Italia.
1031 284 1109 325 Ubi
1141 283 1371 324 Lucianum
1410 284 1537 325 fuisse
1576 296 1707 336 quan-

245 369 368 409 quam
414 355 577 396 duobus
618 359 780 395 tantuin
824 355 923 395 locis
964 358 1104 408 aperte
1147 354 1281 407 dicit,¹
1324 358 1463 394 tamen
1504 366 1556 394 ex
1597 365 1707 393 com-

245 424 434 478 pluribus
464 424 613 465 libellis
644 425 862 478 colligitur.
926 424 975 464 In
1008 424 1126 464 Italia
1158 425 1269 465 enim
1300 425 1473 465 miseros
1506 422 1708 476 quosdam

244 495 431 535 mercede
463 495 690 535 conductos
723 495 870 534 vidit2:
906 494 977 534 sed
1007 495 1162 548 omnia,
1195 507 1301 547 quae
1333 494 1383 534 de
1413 493 1537 535 rebus
1557 493 1707 535 Rorna-

245 577 391 604 norum
432 565 475 604 in
516 564 674 617 libello‚·
713 564 763 604 ad
807 577 930 617 quom
972 568 1127 618 specto,
1170 569 1326 617 narrat,
1367 577 1453 604 non
1490 576 1533 605 se
1570 565 1708 617 ipsum

243 638 463 687 expertum
491 647 598 687 esse,
631 634 699 674 sed
734 634 784 674 ab
816 634 898 675 illis
931 634 1144 676 Graeculis
1174 636 1422 688 comperisse
1454 633 1665 674 affirmat.³

360 704 417 744 At
449 703 681 744 Schwarzio
720 717 805 744 non
842 705 919 745 iste
960 704 1124 745 libellus
1163 706 1205 745 in
1243 705 1379 744 animo
1413 706 1519 756 erat,
1559 715 1654 743 cum
1686 716 1710 743 a

244 773 424 814 Luciano
482 786 618 814 mores
675 774 1084 827 consuetudinesque
1135 774 1419 814 Romanorum
1471 773 1709 813 acutissime

244 843 431 896 depictos
468 856 557 883 esse
598 843 768 897 diceret,
813 844 883 884 sed
925 844 1171 898 Nigrinus.4
1241 842 1380 892 Quid?
1441 843 1491 883 In.
1532 842 1709 897 Nigrino

243 926 341 953 vero
382 912 592 953 Lucianus
629 925 769 953 nonne
812 913 1004 967 pluribus
1047 927 1170 967 quam
1211 914 1254 953 in
1294 913 1317 953 l.
1354 913 1404 953 de
1439 924 1560 953 merc.
1592 911 1708 952 cond.

243 983 520 1036 confirmavit,
564 996 649 1022 11011
691 986 820 1023 5011101
859 983 997 1036 ipsum
1040 983 1089 1023 de
1120 982 1308 1023 moribus
1347 982 1528 1023 romanis
1561 981 1709 1022 disser-

244 1056 386 1092 turum
426 1065 533 1106 esse,
574 1052 646 1093 sed
678 1052 903 1106 Nigrinum
933 1053 1248 1107 philosophum,
1290 1066 1312 1092 a
1345 1066 1428 1106 quo
1459 1052 1583 1106 paulo
1615 1055 1710 1092 ante

243 1123 342 1163 haec
383 1123 522 1162 omnia
559 1122 819 1163 audivisset?
881 1122 933 1164 Se
972 1123 1111 1176 ipsum
1153 1136 1237 1163 non
1276 1126 1438 1176 poetam
1475 1120 1710 1176 tragoediae

244 1192 483 1232 habendum
522 1205 629 1245 esse,
672 1192 743 1232 sed
780 1192 1025 1233 histrionem
1062 1196 1243 1244 tantiun,
1287 1193 1358 1245 qui
1391 1195 1595 1245 quantum
1626 1203 1710 1232 me-

244 1263 375 1301 moria
406 1262 578 1314 valeret,
615 1262 832 1302 ostendere
862 1261 1020 1302 vellet.5
1081 1261 1161 1303 Sed
1192 1263 1332 1302 nescio
1364 1275 1417 1302 an
1449 1261 1711 1303 Schwarzius

243 1332 410 1385 Nigrini
458 1331 509 1371 ob
555 1344 645 1372 eam
692 1345 861 1372 causam
903 1332 1156 1372 mentionem
1199 1332 1360 1385 fecerit,
1412 1331 1524 1385 quod
1567 1343 1621 1372 ex
1663 1343 1710 1371 eo

243 1401 475 1441 Lucianum
508 1401 667 1442 diutius
703 1414 830 1455 prope
861 1401 1035 1442 Romam
1067 1401 1213 1442 urbem
1248 1402 1405 1442 vixisse
1437 1401 1711 1442 demonstrari

243 1472 443 1512 videatur.
506 1471 801 1525 Compluribus
833 1472 945 1512 em'm
974 1471 1075 1512 locis
1108 1471 1297 1512 collatis6
1320 1470 1532 1524 videmus,
1562 1469 1710 1511 urbem

243 1588 342 1620 sunt:
380 1587 460 1619 ‘3712
494 1587 662 1633 ῥητορικῇ
694 1585 874 1630 δημοσίῳ
907 1585 1053 1619 minime
1080 1585 1244 1619 concludi
1270 1584 1365 1619 11001.
1416 1584 1530 1619 Immo
1563 1584 1711 1619 adiecti-

243 1655 328 1678 vum
349 1644 527 1688 (Ῡημόσιος
553 1643 596 1677 de
621 1643 816 1678 artificibus
837 1643 1144 1687 peregrinantibus
1163 1644 1357 1686 usurpatur
1374 1642 1412 1676 111
1429 1642 1597 1677 Harmon.
1625 1654 1655 1677 0.
1673 1642 1710 1677 3:

244 1702 426 1746 δημόσιόν
451 1715 482 1735 τι
512 1702 817 1746 ἐπιδεικνύμενοι.
859 1702 939 1736 Non
963 1701 1101 1745 ignoro7
1126 1701 1294 1736 Planckio
1322 1700 1472 1745 aliisque
1499 1700 1596 1735 cordi
1622 1710 1711 1744 esse7

245 1762 282 1794 ut
315 1760 457 1794 circiter
489 1761 556 1794 duo
590 1760 703 1794 lustra
737 1760 832 1794 vitae
867 1759 1015 1794 Luciani
1050 1761 1143 1794 certo
1176 1758 1356 1793 domicilio
1388 1758 1606 1793 tribuantur:
1643 1768 1713 1803 qua

243 1820 360 1853 tamon
392 1818 429 1852 in
455 1830 493 1852 re
522 1818 650 1852 melius
682 1819 788 1862 foret,
822 1818 969 1852 Suidam
997 1817 1160 1862 quamvis
1187 1828 1312 1861 parum
1341 1817 1508 1851 criticum
1535 1816 1710 1861 respicere

243 1888 347 1921 quain
375 1887 519 1920 prorsus
545 1877 680 1911 incerta
707 1878 812 1920 atque
838 1876 959 1911 inania
986 1877 1194 1911 coniectare.

359 1936 392 1977 1)
427 1935 490 1969 Bis
522 1934 707 1976 Accusati,
740 1946 845 1979 quem
880 1946 986 1979 supra
1021 1934 1195 1978 exscripsi
1225 1934 1260 1967 et
1284 1933 1414 1967 Herod.
1442 1944 1476 1971 0Κ
1495 1933 1532 1967 5;
1567 1933 1667 1966 ἔστιν
1691 1932 1712 1973 ἡ

244 1993 349 2027 εἰκὼν
373 1994 411 2027 ἐν
439 1991 585 2036 Ἰταλία,
611 1992 711 2036 κάγὼ
738 1992 848 2027 εἶδον.

360 2050 394 2094 2)
427 2051 468 2084 de
493 2061 599 2085 merc.
627 2051 727 2085 cond.
754 2062 785 2085 c.
811 2052 844 2084 l:
883 2052 1011 2083 πολλοὶ
1040 2055 1109 2084 τῶν
1134 2051 1168 2089 ἒς
1195 2051 1256 2084 τὸν
1280 2056 1450 2083 τοιοῦτον
1476 2052 1559 2092 βίον
1582 2055 1713 2082 τοῦτον

226 2106 536 2152 τ’ἕμπεπτωκότων
563 2108 775 2153 ἐξηγόρευον
801 2109 891 2152 πρός
915 2120 977 2152 με,
1012 2109 1047 2140 οἶ
1071 2108 1141 2151 μὲν
1171 2108 1230 2141 ἔτι
1265 2109 1309 2141 ἐν
1341 2112 1395 2151 τῷ
1426 2111 1539 2150 κακῷ
1573 2108 1710 2147 ὄντες,

245 2167 516 2211 ἀποδυρόμενοι
546 2166 667 2198 ὁπόσα
692 2167 751 2199 καὶ
779 2167 891 2199 ὁποῖα
916 2167 1091 2210 ἔπασχον,
1126 2167 1161 2198 οῗ
1186 2166 1224 2199 δὲ
1252 2164 1374 2209 ὥσπερ
1399 2166 1436 2198 ἐκ
1462 2165 1712 2208 δεσμωτηρίου

244 2225 340 2262 τινὸς
368 2224 598 2268 ἀποδράντες
625 2225 688 2256 οὐκ
713 2224 830 2266 ἀήδως
855 2224 1146 2269 μνηιιιονεύοντες
1172 2215 1220 2257 ὧν
1245 2223 1513 2257 ἐπεπόνθεσαν.

361 2283 395 2319 3)
422 2283 463 2316 Of.
492 2294 520 2316 C.
542 2282 578 2316 1:
607 2283 670 2315 οὐκ
696 2282 802 2320 αὐτὸς
826 2282 880 2326 μὰ
906 2285 979 2315 Δία
1005 2288 1069 2314 τοῦ
1094 2282 1262 2315 τοιούτου
1289 2284 1488 2325 πειραθείς.

359 2340 395 2383 4)
422 2341 590 2374 Attamen
617 2339 817 2374 Fritschius
841 2340 878 2373 in
903 2340 985 2374 edit.
1011 2340 1095 2374 Luc.
1121 2339 1194 2382 ΙΠ,
1221 2339 1241 2372 2
1267 2350 1298 2383 p.
1325 2338 1487 2373 LXXIX
1511 2338 1711 2373 rectissime

244 2399 287 2432 (10
313 2397 549 2432 similitudine
578 2399 613 2431 et
639 2397 837 2441 argumenti
865 2399 900 2431 et
925 2398 1148 2432 tractationis
1165 2397 1308 2441 Nigrini
1336 2399 1370 2430 et
1394 2396 1507 2430 libelli
1534 2396 1577 2430 de
1604 2406 1710 2430 merc.

244 2456 345 2491 cond.
372 2456 482 2491 verba
506 2456 600 2490 fecit.

359 2513 394 2557 5)
421 2514 463 2548 01.
491 2525 519 2547 0.
545 2514 576 2547 9.

361 2571 395 2611 6)
423 2572 465 2605 01.
493 2583 522 2605 c.
548 2573 582 2605 1:
617 2572 663 2609 ὡς
689 2572 820 2615 σεμνὸς
850 2572 936 2615 ἡμῖν
963 2571 1108 2616 σφόδρα
1137 2573 1193 2604 καὶ
1229 2573 1406 2614 μετέωρος
1432 2569 1711 2611 ἐπανελήλυθας,

245 2641 274 2663 Ο.
302 2629 338 2662 ⁵2:
367 2629 520 2671 ἐστάλην
542 2629 611 2672 μὲν
637 2630 725 2662 εὐθὺ
751 2635 811 2671 τῆς
838 2629 974 2667 πόλεως
999 2629 1219 2672 βουλόμενος
1246 2628 1370 2672 ἰατρὸν
1395 2628 1601 2671 ὀφθαλμῶν
1627 2627 1710 2659 θετέ-

247 2690 389 2719 σασθάί
413 2697 509 2719 τιιά’
538 2685 577 2719 τὸ
603 2688 673 2731 γάρ
699 2700 763 2731 μοι
790 2688 912 2725 πάθος
937 2685 976 2720 τὸ
997 2688 1034 2720 ἐν
1053 2692 1101 2730 τῷ
1119 2687 1302 2730 ὀφθαλμῷ
1319 2688 1538 2719 ἐπετείνατο.
1565 2684 1711 2729 quibus·

247 2755 328 2778 cum
351 2744 392 2778 cf.
412 2755 501 2788 quac
519 2745 556 2779 iu
574 2745 641 2778 fine
662 2748 763 2779 sunt:
791 2746 851 2779 ἐπὶ
869 2743 929 2779 τὸν
946 2746 1131 2789 τρώσαντα
1146 2744 1319 2782 ἐλθόντας
1334 2746 1461 2776 ἰᾶσθαι
1479 2742 1711 2786 παρακαλεῖν.
