1924 3063
738 194 1018 231 *25-

149 307 341 347 ‘salutem
374 308 504 360 dicit',
546 311 585 347 et
621 307 911 347 salutationem
948 307 1056 346 inter
1094 319 1137 347 se
1174 308 1481 347 occurrentium
1511 307 1608 347 ‘tibi

149 376 357 417 salutem'.
418 377 571 417 Tamen
611 377 698 430 ipse
740 376 877 416 statim
917 375 1103 416 confiteri
1143 379 1310 417 coactus
1348 380 1426 429 cst,
1464 388 1608 416 vocem

149 445 444 486 ‘valetudinis'
486 446 634 486 melius
665 445 916 498 respondere
946 445 997 484 ad
1027 458 1221 499 graecum
1266 442 1443 499 ‘tylem'
1483 459 1608 498 quam

151 515 317 555 ‘salutis
331 515 349 554 '.
400 515 547 568 Itaque
579 515 739 555 etiamsi
774 527 879 567 quac
912 514 1174 555 Schwarzius
1206 514 1256 554 dc
1288 513 1608 555 salutationibus

146 584 228 624 illis
277 584 473 624 disseruit
520 588 631 624 recta
676 583 930 635 iudicemus,
981 583 1030 623 de
1071 582 1255 624 Luciano
1299 584 1440 637 lingua
1482 584 1609 623 latina

148 652 252 693 bene
295 653 457 693 erudito
505 653 640 693 adhuc
686 652 924 692 dubitemus
970 656 1155 705 oportet:
1198 656 1307 693 certe
1350 653 1460 692 enim
1503 653 1610 693 male

148 723 353 762 convertit
383 734 526 762 vocem
557 722 737 762 latinam.

265 790 345 831 Sed
384 791 607 832 Schwarzii
650 792 852 831 sententia
889 790 991 830 1111111
1033 790 1202 844 quidem
1238 791 1426 831 nondum
1464 803 1610 844 appro-

148 860 243 900 bata
274 864 344 901 est.
407 860 621 909 Quomoda
659 861 769 900 enim
807 860 878 900 illo
917 860 1113 900 ‘salutem
1145 859 1245 899 dicit
1259 860 1279 913 ’,
1319 861 1362 899 in
1395 872 1477 913 quo
1508 859 1611 899 nihil

149 930 228 969 nisi
261 930 413 983 optatio
445 930 568 982 inest⁷
603 927 919 983 ‘nochyyellyffi
952 928 1056 968 illud
1085 929 1352 968 continetur?
1372 930 1383 951 ¹
1421 927 1610 977 Quocum

149 1000 302 1052 optime
330 999 521 1052 congruit
552 999 621 1038 illa
645 1011 769 1052 quam
791 997 1082 1038 Wielanclius2
1113 998 1230 1038 affert
1254 998 1451 1038 formula:
1484 998 1611 1037 ‘vale-

150 1068 335 1109 tudinem
374 1072 489 1109 tuam
521 1081 620 1108 cura
651 1068 894 1122 diligentcr.'
957 1067 1234 1121 Cogitandum
1266 1068 1363 1121 erit,
1407 1068 1451 1107 ni
1481 1067 1612 1120 fallor,

148 1138 287 1190 potius
319 1138 369 1178 de
398 1138 495 1177 hac:
536 1138 657 1177 ‘cura
690 1140 736 1177 111
766 1137 940 1190 valeas’,
984 1150 1088 1190 quae
1121 1150 1242 1190 saepe
1270 1137 1315 1176 in
1344 1136 1426 1177 fine
1456 1137 1611 1190 epistu-

148 1207 281 1247 larum
312 1211 549 1260 usurpatur.
610 1207 703 1247 Hoc
731 1206 854 1246 modo
885 1206 990 1246 illud
1033 1203 1387 1257 ιἐστι,ιιελεῖὶῑθαιΊ
1420 1205 1486 1246 vel
1517 1219 1611 1259 pro-

148 1277 260 1317 xime
291 1277 343 1316 ad
372 1277 548 1317 latinum
580 1276 768 1316 ‘curare'
801 1275 966 1316 accedit.
1026 1275 1170 1327 Atque
1199 1288 1441 1328 quanquam
1466 1274 1612 1315 Lucia-

148 1360 250 1386 num
290 1347 368 1387 hoo
406 1347 527 1386 modo
568 1346 693 1386 finem
735 1346 1010 1399 epistularum
1050 1358 1145 1385 cum
1184 1346 1235 1385 iis
1270 1358 1376 1399 quae
1415 1346 1460 1384 in
1490 1346 1611 1385 initio

149 1416 256 1456 dicta
286 1417 436 1468 solent,
467 1417 643 1469 turpiter
673 1417 993 1456 commutavisse
1025 1427 1193 1455 necesse
1225 1418 1306 1465 est,
1338 1418 1478 1455 tamen
1500 1415 1613 1455 hunc

146 1486 310 1539 lapsum
342 1511 394 1514 —
429 1487 501 1539 qui
541 1486 720 1539 profecto
760 1486 890 1538 major
930 1489 1053 1539 esset,
1098 1498 1223 1539 quam
1263 1498 1337 1538 pro
1380 1498 1462 1538 quo
1499 1485 1613 1525 illam

149 1555 429 1595 defensionem
473 1557 635 1609 scripsit
670 1580 721 1584 -
753 1554 803 1595 ab
843 1568 889 1595 00
928 1555 1195 1595 commissum
1227 1566 1316 1594 esse
1347 1567 1519 1607 prorsus
1550 1555 1613 1593 in-

147 1625 341 1665 credibile
381 1639 465 1666 non
509 1629 579 1666 est.
642 1625 721 1667 Sed
764 1637 859 1665 011111
900 1637 952 1665 110
993 1625 1094 1665 haec
1136 1623 1306 1677 quidem
1340 1624 1383 1663 in
1422 1623 1613 1678 epistulis

147 1697 342 1735 constans
383 1694 561 1735 formula
597 1695 666 1747 sit,
712 1695 815 1735 nihil
846 1707 922 1734 nos
954 1695 1062 1734 scire
1093 1694 1193 1733 certi
1223 1692 1439 1733 fatendum
1471 1696 1534 1733 cst
1565 1693 1614 1733 de

151 1763 281 1803 forma
319 1764 544 1815 salutandi,
587 1764 636 1803 ad
671 1778 795 1817 quam
826 1763 997 1803 Luciani
1030 1762 1154 1803 verba
1193 1762 1412 1815 spectant.3
1472 1762 1614 1815 Atque

152 1832 252 1873 haec
281 1833 473 1873 omnibus
498 1833 582 1874 fere
614 1847 679 1873 vv,
713 1834 777 1873 dd.
808 1834 931 1873 insita
961 1833 1116 1886 opinio,
1150 1832 1199 1872 de
1228 1832 1502 1886 epistularum
1533 1831 1614 1871 for-

151 1902 265 1942 mula
306 1903 481 1955 quadam
523 1904 693 1957 cogitari
734 1915 901 1943 necesse
933 1914 1041 1954 esse,
1084 1902 1252 1941 omnino
1285 1904 1347 1942 est
1377 1901 1612 1942 evellenda:

268 2050 302 2093 1)
328 2049 569 2093 Schwarzius,
606 2050 667 2094 qui
699 2061 759 2093 pro
793 2055 853 2091 τῆς
890 2050 1059 2094 ὑμετέρας
1093 2049 1241 2081 ‘ccr'rrtfiv'
1276 2047 1427 2082 coniecit
1460 2047 1614 2085 (αὐτόν’,

152 2109 341 2152 optationis
367 2108 550 2150 «salutem
577 2108 694 2151 dicit')
729 2110 764 2142 et
796 2108 1048 2142 cohortationis
1075 2105 1382 2151 (ssnccqa'yysapa‘)
1416 2116 1615 2149 repugnan-

152 2166 237 2200 tiam
271 2178 339 2201 non
372 2166 533 2209 sustulit,
575 2167 787 2201 sententiam
826 2177 910 2200 vcro
944 2165 1046 2209 plane
1080 2165 1253 2207 turbavit,
1295 2175 1376 2197 cum
1410 2163 1490 2197 voci
1525 2174 1555 2206 q.
1586 2174 1616 2196 e.

152 2224 394 2268 παράγγελμα
419 2224 622 2258 attribuerit
648 2225 739 2267 vim,
767 2235 871 2268 quam
896 2235 965 2258 non
990 2223 1107 2257 habet.

268 2281 302 2323 2)
329 2281 483 2315 Lucians
505 2281 635 2315 YVerke
661 2282 693 2315 V
720 2293 754 2325 p.
776 2281 852 2315 241.

268 2340 302 2381 3)
332 2339 413 2373 Nisi
444 2339 533 2373 forte
566 2351 642 2374 eam
676 2351 782 2383 quam
808 2350 918 2383 paene
944 2338 1133 2373 ridiculam
1159 2349 1253 2372 nunc
1280 2336 1507 2380 expositurus
1536 2347 1616 2371 sum

152 2397 323 2431 rationem
359 2397 519 2441 accipere
556 2397 630 2432 vis:
669 2397 876 2441 Apologiam
914 2407 974 2441 pro
1014 2396 1117 2440 lapsu
1158 2395 1250 2429 inter
1288 2394 1513 2429 salutandum
1550 2394 1616 2428 sub

153 2455 342 2489 Commodo
374 2455 583 2499 imperatore
616 2456 784 2499 scriptam
819 2466 895 2489 esse
928 2454 1003 2488 veri
1039 2453 1264 2488 simillimum
1291 2454 1354 2487 est.
1405 2451 1617 2486 Commodus

153 2514 272 2547 autem
300 2516 461 2547 narratur
485 2513 710 2548 tardissimus
733 2513 844 2547 fuisse
872 2513 915 2547 ad
942 2512 1184 2554 scribendum⁷
1214 2511 1279 2554 sta,
1313 2512 1353 2544 ut
1385 2510 1423 2543 in
1453 2509 1617 2554 plurimis

153 2569 316 2614 epistulis
343 2570 465 2605 ‘Vale’
491 2572 629 2605 tantum
655 2571 839 2605 scriberet:
868 2572 910 2604 cs.
938 2569 1079 2603 Aelium
1106 2568 1351 2613 Lampridium
1376 2569 1413 2601 in
1438 2567 1500 2602 vit.
1522 2567 1616 2601 Com.

153 2639 181 2661 c.
207 2628 258 2661 13.
307 2628 448 2671 Itaque,
480 2628 509 2662 si
543 2628 732 2672 imperator
763 2629 1009 2663 mandatorum
1042 2627 1191 2668 libellis,
1229 2638 1316 2670 quos
1348 2626 1384 2659 in
1416 2625 1618 2669 provincias

153 2685 287 2729 omisit,
313 2685 401 2719 talos
419 2685 580 2720 literulas
599 2687 780 2729 adiimxit‚
809 2686 978 2730 optimam
1002 2685 1174 2719 habemus
1194 2684 1400 2726 verborum7
1424 2684 1466 2717 do
1487 2682 1617 2726 quibus

153 2743 307 2788 agimus,
335 2743 617 2787 explicationem.
