1924 3063
855 207 1137 244 -25„-

269 330 404 371 neque
435 319 543 359 enim
577 323 833 373 compertum
864 320 1084 373 habemus,
1116 334 1217 360 num
1240 321 1281 360 in
1304 320 1408 360 libro
1430 320 1731 373 mandatorum,

269 401 393 440 quem
433 401 580 441 parum
624 390 835 441 novimus,
877 389 1042 430 eaedem
1078 393 1202 443 atque
1237 390 1278 429 in
1313 390 1501 443 epistulis
1530 389 1731 430 formulae

267 456 433 497 fuerint.
444 458 456 481 ¹

381 526 529 580 Itaque
568 540 663 567 011111
707 541 760 567 ex
802 528 878 568 1100
920 529 1008 568 loco
1050 529 1152 569 nihil
1184 542 1356 582 prorsus
1387 528 1609 581 efficiatur,
1648 541 1730 582 quo

266 596 414 637 melius
451 597 669 637 enucleare
689 599 934 651 possimus,
979 603 1187 652 (1101101103
1232 599 1438 639 Lucianus
1479 611 1544 639 res
1580 598 1730 639 Roma-

266 678 417 705 norum
446 667 633 721 cognitas
665 667 856 708 habuerit
888 681 1078 722 quaeque
1110 670 1278 709 omnino
1313 669 1362 709 de
1397 669 1448 709 iis
1476 669 1731 722 cogitaverit,

265 735 433 775 aliunde
464 736 584 777 nobis
612 750 665 777 ex
697 738 860 791 scriptis
890 739 979 778 eius
1011 740 1129 791 quasi
1161 739 1319 779 auxilia
1349 737 1594 779 arcessenda
1619 741 1730 778 sunt.

265 804 527 845 Schwarzius
568 819 754 860 quoque,
797 808 996 860 quoniam
1037 821 1089 848 ex
1132 808 1240 861 loco,
1285 820 1408 862 quem
1449 808 1730 860 tractavimus,

264 873 569 915 demonstrasse
601 875 679 916 sibi
712 876 889 930 videtur,
929 876 1162 918 Lucianum
1194 878 1361 932 linguae
1388 878 1540 918 latinae
1570 877 1730 930 peritis-

264 943 415 983 simum
437 931 603 997 *fuisse,
645 945 724 986 alia
755 946 888 986 multa
917 946 1049 1000 affert,
1092 960 1199 1000 quae
1231 947 1363 988 eidem
1395 947 1454 987 rei
1485 948 1730 1001 argumento

263 1012 350 1054 fore
380 1013 617 1055 arbitratur.

379 1083 522 1137 Atque
562 1085 744 1137 primum
787 1085 975 1139 quidem,
1018 1087 1131 1139 quod
1171 1086 1287 1140 dicit,
1336 1086 1584 1139 Lucianum,
1631 1098 1730 1126 cum

264 1164 393 1192 senex
434 1154 725 1207 magistratum
766 1167 983 1195 romanum
1027 1156 1351 1209 administraret,
1397 1156 1538 1196 literas
1580 1155 1729 1196 latinas

264 1221 450 1275 scivisse,
492 1236 565 1276 pro
598 1224 728 1264 nihilo
760 1224 998 1265 habendum
1030 1226 1125 1267 031.2
1186 1226 1294 1266 Nam
1333 1239 1429 1267 cum
1460 1227 1503 1265 in
1535 1224 1729 1266 omnibus

262 1291 432 1331 orientis
464 1293 690 1345 provinciis
720 1294 944 1347 imperator
974 1296 1329 1350 magistratusque
1361 1308 1506 1350 graeco
1539 1307 1729 1335 sermone

260 1360 426 1413 publice
470 1361 734 1416 utebantur,3
774 1367 864 1404 tum
904 1365 948 1404 in
980 1366 1174 1419 Aegypto
1207 1379 1369 1419 semper
1399 1365 1541 1406 eadem
1572 1365 1728 1419 lingua,

261 1444 284 1470 a
315 1430 563 1472 Ptolemaeis
602 1433 771 1487 regibus
805 1447 887 1475 usu
916 1434 1083 1488 publico
1116 1437 1197 1476 iani
1228 1439 1408 1489 recepta,
1451 1450 1475 1476 a
1512 1436 1727 1489 magistra—

260 1499 374 1540 tibus
413 1503 612 1556 romanis,
655 1504 767 1556 quod
806 1505 1111 1558 praefectorum
1150 1506 1310 1559 edictis,
1353 1518 1458 1559 quae
1491 1507 1727 1559 supersunt,

260 1569 440 1611 dilucide
472 1572 790 1628 demonstratur,
822 1579 1023 1629 usurpata
1053 1580 1124 1617 est.
1179 1576 1320 1625 Quid?
1352 1575 1402 1616 ab
1432 1577 1522 1630 ipso
1543 1574 1727 1615 Luciano

261 1640 414 1694 quippe
447 1642 519 1694 (1111
545 1643 684 1683 virum
716 1657 936 1685 romanum
968 1645 1276 1687 nobilissimum
1307 1658 1453 1700 graeca
1483 1658 1568 1685 non
1598 1645 1728 1684 latina

258 1709 329 1749 illa
370 1710 617 1753 salutatione
658 1710 839 1767 ιὑγίειαὟ
872 1715 1079 1756 allocutus
1118 1717 1189 1769 sit,
1233 1727 1372 1756 nonne
1404 1715 1726 1767 demonstratur,

259 1779 381 1819 etiam
413 1781 456 1819 in
490 1776 651 1834 privata
680 1783 791 1824 inter
822 1797 865 1824 se
897 1786 1200 1826 consuetudine
1235 1786 1503 1839 magistratus
1533 1796 1727 1825 romanos

257 1862 404 1902 graeco
444 1863 634 1892 sermone
676 1866 775 1893 usos
817 1856 938 1895 esse?
998 1854 1147 1908 Neque
1178 1856 1268 1896 ideo
1301 1858 1509 1909 quatenus
1538 1854 1724 1908 linguam

256 1918 428 1959 latinam
461 1921 630 1962 sciverit
660 1921 888 1977 Lucianus,
931 1925 1007 1965 hac
1046 1938 1090 1965 re
1120 1926 1275 1978 percipi
1306 1925 1391 1965 ullo
1423 1924 1547 1964 modo
1577 1926 1725 1978 potest,

259 2002 499 2042 quanquam
532 2003 628 2031 eum
659 1992 786 2033 verba
815 1994 955 2047 aliqua
986 1994 1115 2035 latina
1139 1995 1308 2035 scivisse
1333 1998 1374 2035 01
1400 1996 1723 2035 consentaneum

375 2126 408 2168 1)
438 2126 541 2161 Solus
574 2128 634 2163 Th.
664 2128 848 2164 Marcih'us
883 2130 949 2172 (ed.
976 2130 1054 2174 Bip.
1079 2130 1150 2175 m,
1177 2130 1258 2174 595)
1294 2131 1336 2164 de
1370 2130 1437 2164 hoo
1470 2129 1590 2164 libello
1622 2129 1725 2173 plura

256 2183 407 2218 scivisse
432 2184 584 2220 videtur.

374 2242 408 2284 2)
435 2243 644 2288 Bernhardy
669 2245 706 2278 111
729 2245 781 2278 111.
802 2257 852 2290 gr.
872 2246 890 2279 Ι
916 2258 947 2290 p.
967 2246 1030 2279 581
1059 2246 1206 2289 optime:
1235 2246 1318 2280 ΑΕ111
1337 2246 1445 2281 Manu
1467 2246 1534 2280 wie
1557 2245 1721 2287 Luciam,

256 2298 390 2343 inquit,
418 2301 498 2334 ·hat
522 2301 559 2335 in
585 2302 720 2336 seinem
744 2303 949 2337 romischen
971 2305 1076 2337 Amte
1101 2304 1162 2338 des
1188 2304 1332 2338 Lateins
1356 2303 1458 2338 nicht
1481 2303 1643 2337 bedurft.’

371 2358 406 2400 3)
434 2358 574 2401 Quanta
598 2361 636 2394 in
661 2361 862 2396 calamitate
889 2362 1024 2396 romani
1049 2362 1182 2396 fuerint
1207 2362 1391 2406 praefecti,
1419 2373 1500 2396 00111
1524 2362 1561 2395 in
1585 2362 1722 2407 graecis

255 2415 450 2459 provinciis
478 2420 665 2453 versantes
691 2430 852 2463 graecam
877 2420 1036 2464 linguam
1064 2431 1134 2454 non
1161 2420 1385 2463 didicissent,
1419 2420 1644 2464 cognoscitur
1677 2430 1722 2454 ex

254 2473 461 2509 Philostrati
494 2475 556 2509 vit.
590 2476 704 2520 Apoll.
728 2477 770 2520 V,
796 2478 855 2520 34,
880 2479 918 2521 4,
954 2478 1013 2512 ubi
1042 2478 1251 2522 Apollonius
1285 2478 1413 2512 festive
1441 2480 1576 2513 narrat:
1616 2478 1722 2511 ίκατὰ

254 2532 337 2569 τοὺς
371 2533 543 2576 χρόνους,
588 2534 648 2571 οἶῗς
685 2535 723 2568 ἓν
754 2536 1027 2579 Πελοποννήσῳ
1066 2536 1261 2582 διῃτώμην.
1303 2537 1424 2580 ἡγεῖτο
1462 2541 1523 2578 τῆς
1551 2533 1722 2574 Ἑλλάδος

255 2590 452 2633 ἄνθρωπος
489 2592 551 2624 οὐκ
586 2591 691 2630 εἰδὼς
729 2593 773 2625 τὰ
805 2590 995 2635 (Ελλήνων,
1034 2595 1094 2626 καὶ
1134 2593 1210 2627 οὐδ’
1249 2595 1285 2626 01‘
1313 2590 1478 2636 ’Ἑλληνίς
1513 2607 1545 2626 τι
1583 2594 1720 2627 ἐκείνοι·

256 2648 431 2684 ξυνίεσαν.
461 2649 618 2692 ἔσφηλεν
646 2648 712 2683 οὖν
735 2652 792 2683 καὶ
821 2652 962 2695 ἐσφάλη
988 2651 1032 2684 τὰ
1059 2652 1227 2684 πλεῖστα·
1256 2653 1291 2683 οἷ
1316 2651 1385 2695 γὰρ
1410 2651 1575 2696 ξύνεδροί
1599 2663 1633 2685 τε
1658 2653 1719 2684 καὶ

253 2707 422 2738 κοινωνοὶ
455 2712 513 2748 Τῆς
545 2707 582 2740 ἐν
608 2711 683 2745 τοῖς
710 2709 958 2753 δικαστηρίοις
983 2709 1129 2752 γνώμης
1154 2710 1377 2751 ἐκαπήλειόν
1409 2709 1471 2746 τὰς
1505 2709 1607 2747 δίκας
1640 2709 1719 2742 δια-

253 2762 420 2804 λαβόντες
446 2764 507 2797 roi}
534 2765 692 2810 ἡγὲμόνιε
718 2765 840 2811 ὥσπερ
865 2766 1127 2810 ἀνδράποδον]
