1924 3063
857 170 1139 206 -36—

261 285 478 325 ¹Lukianus
520 284 611 323 (lom
654 282 871 322 Africaner
913 280 992 320 den
1023 280 1196 333 Vorzug
1233 279 1371 333 giebt.'
1439 280 1588 321 Omnia
1631 280 1728 334 fere,

267 366 373 406 quac
405 354 445 392 in
478 352 638 405 dialogo
671 350 767 390 XII.
809 349 859 389 ab
885 353 1062 402 utroque
1094 348 1402 402 praedicantur,
1442 350 1543 390 mihi
1575 350 1728 390 exscri-

268 422 401 462 bcnda
446 426 584 473 erant,
637 421 692 471 si,
744 432 870 471 (11111111
910 418 1167 471 praeclarum
1209 418 1312 458 illud
1340 418 1563 460 Wielandii
1611 423 1730 473 esset,

264 491 480 532 ostendero
496 491 654 531 vellcm.
703 487 983 529 Subtilissima
1005 500 1052 528 ca
1072 491 1211 527 notata
1232 500 1322 528 esse
1344 489 1433 528 sine
1455 487 1579 529 dubio
1600 489 1729 529 nemi-

264 573 360 600 nem
396 560 548 615 fugiet,
590 549 661 613 qui
702 561 794 610 post
834 556 935 598 XII.
967 556 1195 610 dialogum,
1231 569 1300 597 cos
1333 558 1403 610 qui
1435 558 1729 611 insequuntur,

264 629 385 670 XIII.
418 633 458 670 et
488 628 603 669 XIV.
627 627 865 682 perlegerit,
896 638 917 666 c
939 625 1092 679 quibus
1123 627 1221 666 item
1244 626 1533 668 Alexandrum
1565 640 1651 668 non
1672 628 1731 668 ita

266 700 404 754 magni
427 713 448 739 a
468 698 651 739 Luciano
684 697 947 737 aestimatum
969 708 1058 736 esse
1079 695 1222 736 elucet.
1284 695 1558 737 Macedonum
1592 701 1731 738 autem

264 783 404 824 regem
436 772 578 808 nostro
614 778 780 820 quoque
812 765 972 819 dialogo
1001 779 1023 805 a
1044 764 1227 806 Luciano
1259 766 1469 807 hominem
1496 779 1652 807 vanum
1685 779 1731 807 ac

265 840 493 893 gloriosum
516 836 708 889 describi,
733 836 886 888 optime
904 839 944 874 et
964 835 1184 875 universae
1201 835 1312 875 color
1328 836 1524 876 orationis
1545 840 1586 877 et
1606 835 1733 877 verba

270 910 373 949 elata
396 906 628 947 Alexandri
660 905 946 946 demonstrant
976 904 1096 944 haec:
1131 917 1164 944 c.
1188 909 1249 944 4.:
1285 900 1424 960 (ἱκανὴ
1443 904 1521 959 γὰρ
1552 896 1734 962 ἡφήμί]1

269 975 437 1027 διδάξαι
479 989 548 1026 σε,
588 968 676 1023 οἶος
713 972 787 1026 μὲν
822 971 902 1028 ἐγὼ
940 972 1160 1025 βασιλεὺς,
1212 966 1300 1022 οἶος
1343 971 1388 1014 δὲ
1420 968 1540 1023 οἶτος
1584 973 1734 1029 λῃστὴς

267 1044 429 1101 ἐγένετο
447 1079 455 1086 .
477 1078 484 1085 .
506 1078 514 1085 .
533 1043 668 1085 (δεινὸν
701 1041 976 1099 ιξνγῃσάμενος,
1008 1039 1045 1083 εἰ
1076 1042 1131 1098 μὴ
1151 1041 1349 1082 ἁπάντων
1374 1042 1645 1098 κρατήσαιμι’
1664 1076 1673 1083 .
1693 1075 1701 1083 .
1722 1075 1731 1083 .

269 1131 302 1156 c.
328 1117 385 1156 5.:
430 1112 482 1154 ίὦ
514 1111 685 1164 Μίνως,
731 1113 844 1165 ὑμεῖς
874 1108 988 1163 ἴστε,
1030 1110 1152 1161 ὅσους
1191 1112 1282 1164 ὑμῖν
1321 1112 1485 1167 νεκροὺς
1521 1111 1594 1153 ἐπὶ
1634 1109 1735 1165 μίας

271 1183 424 1241 ἡμέρας
459 1181 734 1238 lacessendi&
755 1216 763 1223 .
798 1215 806 1222 .
836 1215 843 1222 .
872 1196 905 1222 c.
941 1183 1003 1222 6.:
1039 1178 1100 1222 ‘vl
1131 1181 1180 1222 ἂν
1211 1180 1318 1236 μέγα
1359 1179 1524 1237 ἑέῑραξα
1556 1177 1735 1223 Ἰταλίαν

270 1252 473 1307 ἀναιμωτὶ
503 1252 642 1306 λαβὼν
664 1250 924 1306 zocZAcs'i'r51y
954 1249 1025 1291 καὶ
1056 1251 1109 1291 τὰ
1139 1249 1255 1306 μέχρι
1282 1254 1320 1291 Γ
1317 1250 1489 1307 άὸειραν
1517 1250 1733 1306 ὑπαγόμε-

268 1325 358 1373 νος’
392 1323 475 1365 κτλ.
550 1323 664 1372 Qua-e
695 1336 791 1363 cum
830 1323 889 1362 ita
920 1322 1022 1374 sint,
1063 1322 1114 1362 lis
1144 1322 1375 1361 Alexandri
1416 1326 1456 1362 et
1485 1321 1735 1362 Hannibalis

270 1407 354 1434 non
389 1395 446 1434 ita
477 1392 753 1447 intellegenda
786 1397 864 1444 est,
905 1397 953 1431 ut
985 1391 1090 1431 serio
1126 1396 1365 1431 accuratum
1397 1391 1604 1444 ordinem,
1642 1396 1738 1432 uter

270 1465 400 1504 maior
437 1464 490 1504 sit
532 1463 646 1515 dux,
687 1462 861 1514 scriptor
895 1462 1147 1501 constituere
1188 1461 1386 1514 voluerit,
1426 1461 1537 1514 quod
1569 1461 1735 1514 quidem

271 1558 324 1563 -
342 1533 515 1573 Luciani
532 1532 754 1585 indignum
777 1556 816 1559 μ-
844 1531 986 1584 pueris
1001 1530 1173 1571 fortasse
1189 1531 1358 1584 placeat,
1381 1531 1452 1571 sed
1469 1535 1516 1571 ut
1533 1527 1735 1584 εἰρωνεία,

271 1608 317 1644 ut
348 1615 494 1657 graeco
524 1601 727 1641 vocabulo
760 1604 871 1653 utar,
900 1600 1152 1653 lepidissima
1185 1604 1309 1653 atque
1342 1612 1439 1640 vere
1456 1599 1663 1640 Lucianea
1693 1601 1738 1640 in

271 1686 317 1713 ca
347 1672 596 1712 inveniatur.
658 1670 796 1710 Minos
827 1670 958 1724 igitur
989 1683 1243 1723 quamquam
1274 1669 1323 1710 ab
1355 1670 1604 1723 aequissimo
1637 1681 1738 1723 quo-

271 1756 351 1796 que
387 1742 525 1783 iudice
566 1739 795 1781 Hannibali
831 1740 945 1793 prior
983 1740 1101 1780 sedes
1142 1730 1407 1780 attribuenda
1445 1744 1553 1793 erat,
1598 1743 1738 1780 tamen

269 1812 579 1863 Alexandrum,
614 1823 737 1864 quem
767 1809 1006 1850 inferiorem
1026 1809 1112 1850 fore
1144 1822 1196 1849 ex
1218 1810 1349 1863 ipsius
1381 1810 1564 1849 oratione
1596 1821 1739 1849 omnes

269 1883 442 1923 lectores
464 1881 741 1934 suspicantur,
773 1879 970 1919 Africano
992 1879 1081 1919 sine
1101 1878 1187 1918 ulla
1211 1878 1467 1919 dubitatione
1482 1903 1536 1907 ——
1555 1878 1740 1919 Graecus

274 1952 479 1991 (frraecum
520 1975 570 1978 —
613 1950 840 2003 praeponit.
917 1949 1059 2001 Atque
1098 1947 1242 1988 eodem
1281 1948 1404 1988 modo
1440 1947 1651 1988 Lucianus
1689 1947 1739 1988 de

271 2021 447 2061 Homeri
468 2033 562 2060 cum
584 2018 769 2059 Hesiodo
792 2019 1017 2058 certamine
1040 2017 1261 2057 cavillatur
1279 2019 1323 2057 in
1345 2018 1441 2058 Ver.
1459 2018 1569 2058 Hist.
1587 2017 1643 2070 H,
1671 2018 1737 2056 2‘2:

275 2094 487 2144 ίποιητῶν
527 2086 571 2128 δὲ
610 2093 659 2142 ’τῇ
691 2085 765 2139 μὲν
805 2083 988 2142 ἀλῃθείᾳ
1021 2086 1140 2140 παρὰ
1169 2086 1279 2126 πολὺ
1319 2084 1517 2139 ἐκράτει
1545 2082 1738 2140 ς’(ὴλῃρος,

274 2156 474 2213 ἐνίκησε
507 2156 551 2197 δέ
587 2156 697 2209 ὅμως
721 2153 936 2204 (Ησίοδος.
1000 2156 1043 2196 Si
1072 2160 1212 2196 autem
1240 2155 1443 2209 Scipionis
1472 2155 1616 2208 verba,
1649 2155 1740 2208 qui—

272 2229 351 2269 bus
390 2228 494 2268 nihil
531 2227 717 2267 severius
758 2238 847 2266 esse
892 2229 1049 2278 potest,
1101 2225 1333 2278 adduntur,
1383 2225 1432 2265 de
1474 2226 1515 2264 vi
1562 2225 1739 2277 satyrica

274 2299 448 2352 cogitari
469 2310 554 2337 non
575 2297 657 2336 iam
682 2297 795 2348 licet,
828 2295 898 2336 sed
922 2295 971 2335 de
991 2297 1101 2336 iusta
1123 2296 1423 2348 imperatorum
1444 2295 1740 2335 aestimatione.

274 2369 379 2408 Tum
420 2379 518 2408 vero
550 2366 703 2406 Minois
734 2365 956 2418 iudicium,
997 2370 1045 2405 ut
1083 2369 1164 2417 est,
1202 2365 1324 2418 plane
1359 2365 1548 2418 ineptum
1591 2363 1742 2417 evadit,

393 2491 425 2531 1)
452 2490 581 2524 Nescio
598 2501 641 2524 an
662 2490 717 2523 his
742 2489 860 2523 verbis
879 2489 1109 2533 designentur
1127 2489 1245 2523 studia
1262 2500 1380 2522 rerum
1398 2488 1591 2523 Alexandri
1610 2487 1740 2531 magni,

276 2558 366 2591 quae
394 2559 434 2582 ea
455 2550 568 2582 aetate
596 2559 676 2581 cum
704 2548 746 2582 ab
775 2547 855 2581 aliis
889 2550 963 2580 tum
991 2547 1034 2581 ab
1060 2547 1147 2590 ipsis
1172 2547 1447 2589 imperatoribus
1474 2546 1630 2580 romanis
1654 2545 1740 2578 ridi-

276 2605 354 2639 culo
380 2606 532 2649 quodam
557 2606 658 2639 lllOdO
685 2605 900 2639 colebantur.
951 2606 993 2638 cf.
1014 2604 1225 2648 Heitzberg.
1250 2604 1456 2648 Untergang
1482 2604 1544 2638 des
1560 2602 1740 2637 Hellenis-

276 2674 356 2696 mus
379 2663 463 2707 112]
483 2674 578 2707 seqq.
596 2665 629 2697 ot
664 2663 859 2697 Lumbroso
887 2663 923 2696 in
950 2663 1093 2696 Memor.
1123 2662 1215 2696 della
1243 2673 1268 2695 r.
1296 2662 1392 2696 acad.
1420 2661 1511 2695 delle
1537 2661 1676 2694 soienze
1703 2660 1739 2693 di

276 2721 410 2754 Torino.
460 2721 531 2755 sor.
550 2721 599 2756 II,
624 2724 647 2754 t.
668 2722 722 2757 Ξῖ,
750 2733 780 2764 p.
802 2720 879 2753 537.
