1924 3063
743 176 795 179 --
857 155 909 191 35
972 175 1025 178 —

156 268 348 322 dialogis,
378 280 525 307 verum
557 267 679 306 etiam
710 267 754 305 in
786 270 872 306 tota
904 265 1136 306 libellorum
1169 270 1360 321 congerie
1392 268 1512 311 laude
1544 272 1616 312 ali-

158 351 240 390 qua
270 337 473 377 ornetur.l

271 405 432 447 Deinde
472 406 610 446 nescio
659 418 710 445 an
751 403 964 445 Lucianus
1012 406 1156 446 tertiae
1204 420 1370 460 quoquc
1416 423 1616 463 personae

157 477 331 517 certanti
375 476 601 515 orationem
641 473 825 514 ciusdem
872 474 1146 527 longitudinis
1188 476 1442 531 attribuerit,
1492 485 1618 533 atque

157 546 279 585 etiam
312 546 355 584 in
375 545 585 598 prooemio
607 543 757 597 dialogi
787 544 869 583 iam
901 543 950 582 de
982 556 1030 583 ea
1059 544 1183 584 verba
1215 546 1366 586 fecerit.
1428 547 1618 602 Scipione

157 613 378 654 accedente
409 614 524 653 illam
554 613 762 666 pulcram,
795 625 875 665 qua
906 612 1096 666 plerique
1123 614 1286 667 placent
1318 615 1619 659 Samosatensis

158 683 332 737 dialogi,
369 683 690 723 concinnitatem
728 682 887 721 irritam
918 681 1008 722 fieri
1039 683 1121 722 iam
1151 684 1186 723 is
1219 697 1255 725 V.
1285 685 1321 725 d.
1355 688 1504 740 sensit,
1548 689 1620 740 qui

158 753 263 793 med.
287 766 388 793 saec.
410 752 519 804 XV,
542 753 584 791 ni
605 752 743 804 prius,
776 751 985 804 dia-logum
1006 751 1102 792 ΧΠ.
1126 754 1169 792 111
1192 766 1423 795 sermonem
1444 756 1621 797 latinum

159 822 390 874 transtulit,
423 834 518 861 cum
551 821 775 860 orationem
798 820 1002 873 Scipionis
1025 821 1075 860 ad
1097 822 1269 862 eandem
1291 828 1416 877 atque
1436 825 1621 866 Alexan-

159 892 221 932 dri
253 891 586 944 Hannibalisque
617 890 861 943 produceret
891 890 1218 943 longitudinem:
1254 893 1364 945 quod
1396 896 1622 936 rectissime

158 962 313 1002 factum
344 973 432 1000 esse
474 959 694 1012 concedes,
737 960 771 999 si
803 959 970 1012 quidem
1008 972 1102 1000 cuni
1133 960 1359 1002 Fritzschio
1391 962 1621 1005 Lucianum

160 1030 247 1070 ‘hic
268 1043 320 1070 ne
342 1042 431 1070 esse
457 1029 625 1082 quidem
647 1029 895 1082 satyricum,
927 1029 999 1069 sed
1030 1033 1190 1070 totum
1222 1044 1371 1084 prope
1400 1033 1622 1074 rhetori-

159 1112 269 1140 cuni
286 1099 294 1115 ³
324 1099 572 1152 putaveris.2

279 1168 359 1209 Sed
399 1169 479 1208 iam
520 1168 709 1222 gratiora
752 1167 962 1208 addamus.
1024 1168 1181 1209 Iterum
1224 1171 1334 1210 enini
1366 1175 1427 1212 est
1469 1174 1623 1213 mentio

163 1238 349 1278 eiusdem
394 1238 633 1278 certaminis
664 1237 792 1277 facta:
832 1238 876 1277 in
914 1237 1008 1278 Ver.
1048 1238 1155 1279 Hist.
1198 1239 1260 1292 Π,
1302 1241 1346 1293 9,
1386 1241 1459 1281 ubi
1499 1242 1625 1282 verba

164 1307 364 1361 leguntur
380 1307 499 1347 haec:
534 1302 668 1361 (τρίτη
702 1301 737 1345 δ’
763 1303 973 1361 ἐδικάσθη
994 1305 1092 1361 περὶ
1115 1305 1346 1362 προεδρίας
1365 1304 1625 1364 Mite-&ww

162 1390 207 1416 τε
238 1383 297 1431 τῷ
333 1373 559 1416 Φιλίππου
591 1373 659 1415 καὶ
690 1371 855 1431 Ἀννίβᾳ
876 1383 934 1430 τῷ
956 1374 1249 1432 Ι1Ϊαρχῃὸονίῆι),
1282 1376 1351 1418 καὶ
1376 1374 1491 1429 ἔδοξε
1516 1394 1624 1432 προ-

163 1442 271 1496 έχειν
303 1444 325 1485 ὁ
344 1440 641 1499 Ἀλέξανδρος]
702 1444 850 1498 Itaque
878 1458 973 1485 cum
1004 1459 1125 1487 nemo
1158 1447 1277 1487 credo
1310 1447 1489 1501 dubitet,
1525 1450 1627 1502 quin

164 1514 259 1555 Ver.
278 1514 386 1555 Hist.
409 1514 504 1554 libri
529 1519 622 1568 post
643 1514 827 1568 dialogos
848 1519 1108 1556 mortuorum
1131 1518 1353 1570 conscripti
1367 1519 1462 1571 sint,
1490 1518 1628 1558 verbis

165 1584 298 1625 allatis
341 1585 459 1637 quasi
499 1588 607 1624 nutu
636 1588 780 1624 auctor
811 1585 1020 1638 dialogum
1046 1585 1144 1626 XII.
1176 1587 1257 1626 iam
1290 1587 1449 1640 pridem
1481 1589 1524 1627 in
1554 1602 1630 1641 pu—

166 1653 320 1693 blicum
342 1646 541 1694 emissum
563 1653 761 1707 designat.
824 1652 1037 1702 Quomodo
1059 1655 1187 1708 igitur
1217 1668 1264 1695 eo
1286 1656 1373 1695 loco
1396 1656 1629 1710 Scipionem

166 1723 330 1762 silentio
371 1723 593 1775 praeterire
634 1723 799 1775 potuit?
874 1723 1219 1765 Hemsterhusius
1258 1725 1326 1765 ille
1369 1726 1537 1778 quidem
1579 1727 1629 1766 ad

166 1791 265 1831 XII.
298 1791 507 1845 dialogum
538 1805 569 1831 c.
597 1793 616 1831 1
651 1795 845 1832 annotat:
889 1792 965 1832 ‘ibi
998 1791 1101 1846 (scil.
1130 1794 1173 1833 in
1203 1794 1430 1848 vershist.)
1464 1795 1513 1835 de
1545 1795 1630 1836 Sci-

167 1861 289 1914 pione
320 1861 445 1914 nihil,
484 1862 636 1915 quippe
668 1861 952 1901 Romanorum
984 1863 1123 1902 nullos
1155 1876 1249 1903 cum
1282 1876 1329 1903 eo
1362 1864 1522 1905 delatus
1553 1864 1631 1905 fuit

167 1929 394 1983 Lucianus,
426 1930 563 1970 insula
584 1930 809 1971 Beatorum
842 1931 1011 1971 habuit'
1074 1931 1307 1972 Dicendum
1331 1937 1435 1987 erat}
1470 1934 1631 1975 ‘barba-

168 2013 307 2039 rorum
339 1999 524 2051 nullos3⁷
571 2004 611 2040 at
643 2000 815 2040 eandem
846 2000 897 2040 ob
925 2013 1091 2041 causam
1124 2001 1228 2041 nihil
1258 2002 1393 2043 dicere
1414 2005 1551 2056 potuit
1582 2004 1631 2044 de

168 2068 425 2122 Hannibale,
470 2070 543 2122 qui
574 2082 626 2109 ne
660 2071 747 2123 ipse
777 2070 943 2122 quidem
978 2071 1020 2109 in
1062 2084 1092 2111 c.
1129 2071 1194 2123 17,
1226 2071 1298 2111 ubi
1329 2071 1494 2113 barbari
1525 2073 1633 2114 beati

168 2142 488 2191 enumerantur,
520 2142 866 2179 commemoratus
900 2144 971 2180 est.
1384 2180 1387 2181 γ

290 2208 465 2248 Accedit
495 2208 618 2248 aliud.
679 2208 767 2249 Iam
788 2209 1050 2249 Wielandius
1081 2210 1310 2250 rectissime
1340 2212 1555 2251 annotavit
1586 2211 1637 2251 ad

170 2290 202 2317 c.
227 2278 273 2316 7:
323 2277 444 2317 ‘Man
482 2277 657 2318 braucht
688 2291 770 2317 nur
809 2278 875 2318 dic
916 2277 1065 2319 beiden
1105 2278 1247 2319 Reden
1290 2280 1362 2320 des
1400 2280 1635 2338 Hannibals

170 2346 259 2386 und
279 2346 540 2387 Alexanders
560 2360 692 2401 gegen
715 2347 914 2387 einander
929 2361 982 2387 zu
1001 2348 1166 2401 stellen,
1198 2362 1269 2389 11111
1292 2362 1346 2389 zu
1369 2350 1513 2402 sehen,
1545 2349 1635 2390 dass

287 2518 319 2557 1)
346 2517 452 2551 Α1111(1
478 2520 547 2559 est,
576 2518 605 2551 si
630 2519 820 2556 Arrianus,
847 2517 994 2551 Luciani
1020 2518 1175 2554 amicus,
1203 2518 1386 2552 laudatur:
1422 2519 1521 2554 AleX.
1548 2530 1576 2552 c.
1604 2520 1635 2552 ⁴2.

173 2573 216 2607 cf.
244 2585 272 2607 c.
298 2575 353 2608 ι’)ἴ).
403 2575 454 2607 De
481 2575 630 2618 Augusti
659 2575 825 2609 laudibus
853 2587 883 2608 v.
911 2575 1012 2608 infra.

288 2644 321 2685 L')
350 2643 382 2676 in
419 2643 502 2677 edit.
545 2643 617 2686 III,
651 2644 695 2686 2,
730 2655 760 2686 p.
791 2644 843 2675 13.
902 2643 1001 2685 Quod
1048 2644 1078 2677 si
1105 2655 1229 2677 verum
1264 2646 1374 2686 esset,
1407 2644 1637 2688 singulariter

173 2699 304 2733 factum
328 2703 421 2735 esset
446 2701 481 2734 in
510 2702 665 2735 omnium
693 2701 773 2735 dial.
796 2704 894 2734 niort
925 2712 1079 2736 numero.

1349 2766 1371 2800 ὃ
1385 2767 1403 2780 .;.
