1924 3063
92 283 99 286 ”
123 287 367 344 Καίσαρος’
398 291 622 343 quominus
642 290 722 330 tale
740 303 896 330 munus
928 293 968 330 et
998 303 1022 330 a
1041 289 1250 343 Lampone
1281 297 1321 333 et
1352 307 1377 333 a
1396 295 1581 338 Luciano

124 360 459 400 administratum
478 372 566 400 esse
596 362 801 413 putemus.
863 359 968 399 Nam
992 360 1255 413 sequioribus
1285 363 1581 417 imperatorum

125 429 379 482 temporibus
427 430 561 469 omnia
602 428 686 468 fere
734 441 839 481 quae
881 429 978 468 olim
1027 430 1169 470 ordine
1215 436 1340 485 atque
1382 434 1581 489 dignitate

124 499 279 538 civium
311 497 478 538 definita
499 501 617 538 erant
637 510 829 549 munera,
861 497 1031 538 confusa
1062 511 1150 539 esse
1181 503 1305 554 atque
1336 505 1581 546 conturbata

124 568 223 608 satis
252 568 443 607 constat.¹

239 637 494 677 Fritzschius
519 636 807 689 magistratum
829 649 852 675 a
872 635 1056 677 Luciano
1078 638 1215 679 verbis
1244 639 1320 689 τὰς
1339 647 1415 681 τοῦ
1435 640 1580 697 ἄρχον-

123 719 196 754 τος
225 704 397 759 γνώσεις
425 706 546 745 tacito
579 705 745 745 nomine
776 705 945 745 allatum
991 704 1259 763 δικαιοδότην
1294 709 1422 752 fuisse
1451 717 1580 766 putat.

125 774 205 816 Sed
235 787 289 815 ne
316 775 393 814 hoc
410 774 576 828 quidem
607 774 709 813 mihi
739 774 829 814 veri
862 775 994 815 simile
1024 776 1200 818 Videtur.
1261 778 1369 820 Nam
1400 782 1580 834 primum

124 857 162 882 v.
181 840 315 896 ἅρχων
336 848 408 884 aut
439 843 488 883 de
519 842 829 896 magistratibus
849 844 1172 897 municipalibus
1203 852 1277 888 aut
1297 849 1346 889 de
1367 852 1582 903 praefectis

123 913 360 966 provinciae
392 915 636 966 usurpatur;
670 913 704 952 si
733 915 873 952 autem
902 913 1124 954 iuridicum
1145 916 1425 961 Aiexandriae
1456 922 1584 975 signi-

124 981 247 1022 ficare
268 983 489 1035 voluisset,
519 994 603 1021 non
626 980 787 1034 dubito,
821 983 925 1035 quin
956 986 1049 1022 ‘roff
1076 990 1148 1038 τῆς
1178 984 1344 1036 πόλεως
1375 986 1583 1041 ἅρχοντος’

126 1052 314 1091 dicturus
350 1051 484 1091 fuerit.
551 1049 711 1091 Deinde
749 1050 875 1091 Verba
913 1064 1018 1105 (11199
1056 1057 1155 1094 sunt
1202 1055 1246 1095 in
1283 1056 1403 1110 Apol.
1442 1072 1474 1099 c.
1506 1061 1580 1101 12:

127 1123 220 1174 (τῆς
240 1116 436 1175 μεγίστης
456 1117 579 1174 ἀρχῆς
595 1125 870 1171 κοινωνοῦμεν
886 1118 955 1160 κα)
973 1119 1022 1160 τὸ
1037 1119 1164 1176 μέρος
1179 1123 1583 1181 σι’νόιαπράττομεν’

124 1190 272 1229 melius
304 1189 353 1229 de
385 1201 431 1229 eo
463 1189 782 1243 intelleguntur,
816 1190 887 1242 qui
918 1191 1123 1243 praefecto
1153 1205 1228 1246 per
1259 1197 1384 1235 totam
1416 1199 1584 1251 provin-

122 1259 227 1298 ciam
255 1259 322 1299 ius
366 1258 519 1298 dicenti
550 1258 776 1312 adstiterit,
817 1272 942 1312 quam
982 1261 1038 1313 ei,
1077 1262 1150 1314 qui
1186 1276 1314 1304 unam
1344 1268 1584 1319 provinciae

120 1327 266 1368 urbem
297 1327 598 1368 moderabatur.

236 1397 384 1451 Itaque
409 1396 642 1438 Lucianum
665 1397 859 1450 praefecti
892 1399 1081 1439 comitem
1107 1400 1234 1442 fuisse
1264 1406 1304 1443 et
1329 1410 1583 1447 commenta.-

122 1467 270 1507 riensis
284 1470 324 1507 et
340 1467 542 1507 scriniarii
558 1470 598 1507 et
614 1467 733 1507 amici
747 1467 885 1507 locum
907 1469 1089 1509 tenuisse
1105 1470 1206 1509 mihi
1221 1475 1586 1524 persuasissimum

123 1540 194 1576 est.
250 1535 400 1576 Omnia
421 1537 455 1576 31
472 1537 529 1575 ita
544 1536 877 1589 interpretamur,
909 1537 960 1577 ad
977 1537 1151 1578 Luciani
1168 1540 1294 1581 verba
1310 1544 1461 1595 optime
1488 1558 1586 1586 con-

123 1606 309 1646 veniunt.
373 1604 552 1645 Comites
582 1606 710 1659 enim,
744 1607 816 1659 qui
838 1619 958 1660 saepe
979 1608 1099 1648 amici
1131 1613 1251 1649 erant
1271 1612 1585 1669 praefectorum,

123 1675 337 1728 publicum
358 1675 553 1715 salarium
584 1677 871 1729 acceperunt?
910 1679 949 1716 et
986 1701 1034 1705 —
1067 1681 1251 1719 ceterum
1279 1680 1581 1725 fluctuantibus

125 1744 270 1785 officiis
292 1769 347 1773 —
367 1745 588 1798 praecipue
619 1745 663 1784 in
694 1745 784 1785 iure
806 1745 978 1785 dicendo
1000 1748 1154 1787 versati
1176 1749 1309 1789 sunt.3
1369 1751 1585 1793 Commen-

125 1815 345 1854 tariensem
377 1826 474 1854 vero
506 1815 749 1854 tenuissimo
780 1814 867 1854 loco
899 1814 1046 1867 fuisse,
1079 1817 1191 1868 quod
1222 1818 1479 1862 Fritzschius
1510 1823 1534 1864 1.
1551 1836 1583 1863 0.

125 1883 355 1935 contendit,
387 1887 469 1923 tam
491 1884 738 1937 generaliter
770 1883 849 1923 dici
871 1897 955 1923 non
986 1888 1140 1937 potest:
1173 1899 1334 1941 semper
1363 1892 1585 1944 respicien-

126 1953 247 2006 dum,
288 1953 453 1993 cuinam
482 1954 743 2007 magistratui
775 1955 1157 1995 commentariensis
1198 1956 1420 1999 adiunctus
1450 1960 1584 2002 fuerit.

125 2021 252 2075 Nam,
285 2021 395 2075 quod
424 2023 614 2075 proxime
645 2023 800 2062 accedit
831 2022 881 2062 ad
906 2022 1080 2063 Luciani
1101 2024 1229 2065 verba
1258 2021 1386 2077 ἔθνος
1406 2026 1584 2086 ἐπιτρα-

125 2098 274 2147 πῆναι,
307 2093 603 2146 comperimus,
635 2105 657 2132 e
685 2093 1121 2134 commentariensium
1151 2095 1345 2149 praefecti
1377 2102 1584 2152 praetorio

126 2174 300 2202 numero
338 2165 626 2215 procuratores
664 2174 752 2202 esse
783 2162 997 2203 delectos.4
1058 2162 1163 2204 Cum
1205 2170 1586 2211 commentariensis

243 2265 276 2306 1)
304 2264 346 2298 cf.
372 2263 608 2307 Friedlander,
634 2264 798 2299 Darstell.
837 2264 865 2298 I.
892 2277 923 2309 1).
943 2266 987 2300 55
1013 2277 1107 2311 seqq.

245 2322 280 2364 2)
307 2322 505 2356 Bethmann
519 2321 702 2367 -Hollweg
727 2322 748 2356 l.
771 2334 799 2357 0.
826 2322 872 2357 Π.
898 2335 929 2367 p.
950 2323 1015 2358 138
1041 2335 1096 2359 an.
1118 2326 1178 2359 15:
1206 2326 1280 2360 ‘die
1307 2327 1498 2371 gesetzlich
1523 2329 1584 2363 be-

129 2380 284 2414 stimmte
305 2380 390 2414 Zahl
416 2380 492 2421 (dor
516 2379 688 2423 comites),
716 2380 828 2414 durch
848 2381 982 2415 welche
1000 2381 1304 2428 Privatbegleiter,
1331 2384 1491 2420 Freunde
1519 2388 1584 2421 otc.

128 2438 227 2472 nicht
252 2437 543 2482 ausgeschlossen
570 2438 665 2481 sind,
698 2438 793 2471 steht
826 2438 875 2472 im
907 2439 1134 2475 offentlichen
1159 2441 1285 2476 Dienst
1309 2443 1381 2476 und
1407 2444 1585 2488 empsangt

129 2495 462 2540 Staatsbesoldung.⁷
513 2495 561 2530 Cf.
588 2495 796 2540 Mommsen,
823 2496 1043 2531 Staatsrecht
1067 2498 1085 2532 I
1108 2510 1140 2542 p.
1162 2498 1238 2534 246.

241 2553 274 2597 3)
299 2552 505 2597 Mommsen,
533 2553 750 2588 Staatsreoht
775 2555 792 2588 I
822 2566 854 2598 p.
874 2554 950 2588 223.
1001 2555 1145 2601 Madvig
1170 2556 1188 2590 I
1213 2568 1245 2601 p.
1265 2556 1342 2591 589.

242 2611 277 2654 4)
308 2611 421 2645 Cauer
444 2611 481 2645 in
501 2612 646 2656 Ephem.
665 2612 772 2657 epigr.
800 2613 852 2646 IV
870 2625 901 2657 p.
921 2613 1004 2647 425:
1031 2614 1208 2659 ι9111151191,
1235 2626 1364 2650 10110113
1385 2616 1475 2660 quod
1496 2616 1583 2650 dici—

128 2670 186 2702 tur
218 2679 238 2703 9
270 2669 533 2704 commentariis
562 2670 818 2713 praefectorum
850 2671 1023 2714 praetorio
1055 2683 1212 2707 summae
1250 2673 1433 2717 dignitatis
1464 2673 1584 2718 fuisse,

129 2726 293 2770 quoniam
322 2738 365 2760 ex
392 2738 431 2761 00
457 2730 699 2770 procuratores
726 2729 809 2762 sacti
836 2728 940 2762 sunt?

1300 2788 1352 2831 2÷÷
