1924 3063
887 194 1173 230 —18-

300 311 370 347 tur
396 319 491 346 cum
512 305 683 346 Luciani
716 305 860 345 officiis
882 306 1034 358 optime
1056 308 1310 358 congruunt:
1343 301 1698 360 ἶττειινῃιιατίζετο
1719 326 1762 336 π

303 373 579 429 (ἶπομνήματα
601 372 870 429 γράφεσθαι,
902 372 978 422 τὰς
1005 369 1124 421 δίκας
1154 369 1334 427 εἰσάγων
1355 395 1397 406 =
1418 373 1494 422 τὰς
1525 371 1644 423 δίκας
1672 370 1761 414 εἷσ-

300 443 432 498 άγειν,
480 447 605 497 atquc
644 444 765 483 ctiam
801 456 906 496 quac
938 446 1060 483 sunt:
1104 441 1326 497 παρεστὼς
1366 444 1454 491 τοῖς
1484 442 1681 498 ἡγεμόσιν
1711 443 1762 484 ad

299 514 599 555 Samosatcnsis
640 527 815 565 munus,
868 512 979 566 quod
1019 526 1051 553 e.
1091 514 1126 553 9.
1173 510 1371 553 συνουσία
1419 517 1610 566 vocatur,
1657 513 1762 554 bene

300 583 515 637 quadrant.
585 583 812 623 Postremis
852 594 950 622 vero
993 581 1131 622 verbis
1171 580 1227 630 ὡς
1267 578 1370 633 ἔχων
1407 580 1524 633 τάξιν
1562 583 1762 623 mendum

298 654 406 693 inest
436 652 613 706 aliquod.
676 651 947 704 Fritzschius,
981 652 1051 705 qui
1074 652 1298 692 nonnullos
1319 652 1433 692 codd.
1457 651 1643 705 Mangei,
1669 655 1763 707 post

299 736 334 761 v.
365 720 515 772 ‘vagat'
551 721 807 761 inculcantes
840 718 1049 760 ‘votdvd'e'
1090 721 1301 774 sequitur,
1342 721 1547 774 explicat:
1586 721 1760 776 ‘quippe

299 792 370 844 qui
404 791 484 831 tale
515 803 670 830 munus
702 789 852 842 obiret,
884 791 906 831 i.
930 802 962 830 e.
996 791 1149 844 quippe
1182 791 1254 844 qui
1281 794 1389 831 esset
1419 791 1760 844 hypomnemato-

296 859 505 915 graphus'
567 859 647 901 Sed
678 860 755 899 hoc
788 872 1053 913 nequaqnam
1074 860 1185 900 idem
1207 863 1287 913 cst,
1320 873 1417 900 nam
1440 860 1512 913 qui
1533 860 1760 914 hypomne-

297 933 407 970 mata
421 930 585 983 scripsit
599 929 825 981 iudiciaria,
850 929 1037 969 nondum
1052 929 1558 984 hypomnematographus
1575 930 1760 970 Alexan-

297 1000 443 1040 drinus
471 998 685 1053 putandus
716 1002 789 1039 est.
851 998 1028 1051 Propter
1058 999 1164 1039 hanc
1202 1000 1334 1052 ipsam
1364 1002 1503 1039 autem
1535 998 1760 1040 verborum

296 1069 485 1109 Philonis
527 1072 568 1109 et
606 1068 780 1109 Luciani
819 1068 1132 1108 similitudinem
1168 1067 1384 1109 Fritzschii
1422 1069 1544 1109 lectio
1577 1067 1632 1117 ὡς
1659 1063 1762 1120 ἔχων

295 1137 412 1189 τάξιν
442 1135 609 1178 τοιάνδε
641 1138 742 1177 mihi
776 1137 945 1191 quidem
977 1138 1147 1178 minime
1187 1138 1331 1192 placet.
1393 1138 1501 1179 Nam
1542 1151 1638 1179 cum
1681 1138 1761 1179 alia

295 1208 434 1248 omnia
465 1208 584 1261 quasi
617 1207 803 1248 dimensa
834 1211 875 1248 et
904 1208 1019 1261 paria
1048 1211 1300 1261 congruant,
1332 1208 1396 1248 his
1427 1221 1593 1262 quoque
1620 1207 1759 1248 verbis

296 1277 351 1326 ὡς
381 1273 483 1328 ἔχων
502 1275 619 1327 τάξιν
640 1277 917 1330 respondeant
945 1280 1106 1330 oportet
1133 1277 1282 1318 similia
1304 1277 1505 1331 quaedam
1539 1290 1593 1319 ex
1613 1276 1759 1318 Lucia-

295 1348 395 1388 neis.
458 1346 671 1395 Quaenam
701 1347 802 1387 haec
832 1348 934 1393 sint,
967 1359 1019 1387 ex
1051 1360 1169 1400 voce,
1202 1360 1238 1400 q.
1262 1360 1293 1387 e¹
1326 1345 1443 1397 τάξις
1474 1347 1756 1401 cognoscitur:

295 1429 431 1470 neque
470 1417 599 1469 igitur
639 1415 804 1469 dubito,
847 1417 950 1470 quin
990 1429 1037 1456 ea
1077 1417 1161 1456 sint
1200 1417 1257 1457 ita
1303 1416 1578 1468 emendanda,
1618 1420 1667 1457 ut
1707 1416 1758 1456 ad

294 1485 551 1526 Lucianeum
581 1485 706 1526 illud:
742 1483 831 1525 ‘nai
862 1483 981 1536 τάξιν
1011 1483 1157 1534 αὐταῖς
1187 1485 1258 1541 τὴν
1290 1484 1584 1541 προσήκουσαν
1615 1483 1757 1525 ἐπιτι-

294 1552 439 1595 θέναι’
471 1568 596 1608 quam
626 1556 817 1608 proxime
848 1555 1056 1596 accedant.
1117 1555 1265 1608 Itaque
1296 1556 1436 1596 malim
1464 1555 1631 1609 Mangei
1662 1568 1758 1595 con-

294 1626 495 1665 iecturam
525 1624 719 1678 probare:
766 1623 840 1673 (ὡς
871 1620 1004 1675 ἔχοιεν
1033 1622 1176 1675 τάξιν.’

411 1693 525 1742 Quae
557 1707 653 1734 cum
682 1695 739 1734 ita
770 1695 873 1747 sint,
905 1694 1008 1734 nihil
1039 1697 1121 1747 est,
1150 1707 1224 1735 cur
1244 1694 1428 1749 Lampon
1461 1695 1758 1748 hypomnema-

293 1764 520 1818 tographus
549 1763 852 1804 existimandus
884 1765 946 1804 sit.
1008 1764 1141 1804 Immo
1171 1777 1226 1805 ex
1257 1777 1304 1805 eo
1337 1765 1448 1818 quod
1467 1765 1644 1806 Philone
1673 1778 1758 1806 non

293 1834 350 1874 ita
389 1833 613 1875 honorifice
644 1837 846 1875 tractatur
885 1834 1071 1888 intellegi
1108 1835 1190 1874 iam
1224 1834 1360 1887 debet,
1397 1847 1493 1875 eum
1532 1836 1575 1875 in
1615 1848 1758 1876 eorum

294 1916 468 1944 numero
507 1903 741 1957 putandum
780 1916 885 1957 esse,
929 1917 1034 1957 quos
1067 1905 1227 1944 romani
1266 1905 1532 1959 magistratus
1567 1904 1644 1945 sibi
1678 1906 1757 1959 ipsi

295 1972 561 2013 assumebant
589 1973 783 2014 officiales
816 1977 855 2014 et
888 1974 1068 2014 comites.
1123 1974 1273 2027 Itaque
1303 1987 1556 2028 quamquam
1585 1974 1758 2016 fortasse

294 2042 530 2096 Aegyptius
558 2046 655 2096 erat,
684 2042 857 2096 ignobili
884 2042 973 2083 loco
1002 2046 1136 2095 natus,
1164 2057 1187 2083 a
1207 2043 1424 2096 praefecto,
1455 2044 1608 2098 quippe
1633 2056 1757 2097 quem

294 2109 509 2166 δυνάστην,
543 2109 772 2166 εὐεργέτην,
814 2118 979 2167 σωτῆρα
1010 2113 1255 2167 appellasset
1285 2111 1340 2167 (p.
1368 2112 1485 2167 983),
1522 2113 1574 2153 ad
1601 2126 1758 2154 munus

294 2181 398 2222 illud
430 2185 729 2235 quaestuosum
761 2182 894 2223 elatus
926 2194 1015 2223 esse
1046 2182 1223 2223 videtur.
1288 2181 1378 2230 Quo
1410 2182 1566 2223 factum
1598 2186 1676 2237 est,
1710 2187 1758 2225 ut

293 2263 431 2304 neque
455 2250 566 2304 apud
587 2250 806 2292 Philonem
834 2264 971 2305 neque
1000 2252 1111 2305 apud
1131 2251 1364 2292 Lucianum
1389 2256 1549 2292 certum
1571 2253 1757 2293 muneris

294 2332 446 2361 nomen
475 2320 647 2360 allatum
670 2321 734 2373 sit,
767 2320 890 2374 quod,
922 2322 956 2360 si
977 2321 1027 2361 de
1048 2321 1527 2375 hypomnematographo
1552 2326 1756 2376 ageretur,

292 2390 447 2429 mirum
468 2393 586 2430 esset.
623 2389 749 2430 Tituli
771 2391 881 2430 enim
899 2393 1024 2444 atque
1044 2390 1175 2430 officia
1195 2403 1452 2431 assessorum
1471 2376 1774 2445 comitumque!

292 2458 466 2499 Luciani
482 2459 737 2512 temporibus
758 2460 946 2500 nondum
961 2460 1051 2514 lege
1071 2461 1169 2500 satis
1191 2460 1394 2500 destinata
1411 2461 1561 2501 erant.¹
1607 2461 1756 2515 Neque

293 2540 390 2568 vero
418 2528 671 2582 impedimur
691 2528 906 2570 Strabonis
926 2529 1084 2571 verbis:
1119 2525 1355 2581 (οἰκονόμοι
1376 2527 1447 2569 καὶ
1469 2527 1755 2584 ἀπελεύθεροι

408 2686 442 2726 1)
468 2686 511 2719 cf.
541 2685 950 2731 Bethmann-Hollweg,
974 2686 1211 2730 Civilprocess
1230 2685 1278 2729 Π,
1305 2697 1335 2729 p.
1357 2686 1432 2719 137.
1483 2685 1639 2730 Madvig,
1663 2686 1751 2720 Ver-

292 2741 439 2787 fassung
462 2745 527 2777 etc.
556 2744 617 2777 dcs
643 2746 729 2779 r'om.
754 2743 890 2779 Heichs
914 2743 967 2788 ΙΙ,
994 2756 1025 2789 p.
1046 2743 1121 2779 110.
