1924 3063
874 178 1129 214 -4—

269 296 405 343 eraut,
448 304 520 344 pro
561 291 795 344 sophisticis
830 289 1040 330 habendas
1078 302 1177 330 esse.
1239 291 1384 343 Atque
1415 289 1527 343 quod
1558 288 1734 330 viderim

270 376 317 402 ea
346 362 497 414 scripta
525 360 716 413 Luciani,
749 372 855 413 quac
885 354 1155 412 ‘scpol‘tamal'
1178 358 1383 411 appellare
1405 359 1731 412 consuevimus,¹

270 431 319 471 ab
362 429 599 471 hominibus
641 429 772 469 doctis
813 440 975 481 semper
1016 428 1204 481 exempla
1248 427 1393 468 talium
1433 427 1734 481 praefationum

269 501 482 541 rhetorum
528 499 684 553 prolata
732 503 841 539 sunt.
919 497 1006 538 Nec
1053 502 1189 538 tamen
1235 497 1312 537 hoc
1355 498 1444 538 sine
1490 498 1735 552 exceptione

271 570 449 623 quadam
480 569 561 609 dici
591 573 736 623 potest.
798 567 907 607 Nam
940 566 1121 621 Plinius,
1152 580 1248 607 cum
1280 567 1324 606 in
1344 566 1474 620 Epist.
1506 567 1529 608 l.
1552 567 1608 621 II,
1638 569 1662 607 3
1695 571 1736 608 et

269 639 343 692 IV,
368 640 416 679 ll
454 639 559 679 Isaei
593 643 631 679 et
658 638 861 678 Liciniani
886 637 1098 677 rhetorum
1128 636 1402 690 praefationes
1431 640 1736 690 commemoret,

270 709 386 761 alibi,
418 708 547 762 Epist.
569 708 606 761 I,
631 708 682 747 13
716 708 766 747 (le
797 720 942 747 eorum
976 719 1161 760 quoque,
1195 707 1267 759 qui
1299 705 1427 746 libros
1459 707 1736 759 recitaverint,

268 777 592 831 praefationibus
634 776 858 830 loquitur.2
918 776 1051 829 Atqui
1092 777 1126 816 si
1169 777 1263 829 quis
1301 775 1475 816 Luciani
1511 775 1736 830 Bacchum,

268 847 514 900 Herculem,
553 847 784 899 Electrum,
822 844 1069 886 Promethea
1099 846 1142 885 in
1173 845 1330 899 verbis,
1371 845 1566 899 Zeuxim,
1602 845 1736 888 Hero-

270 917 439 971 dotum,—
470 916 789 969 Harmonidem,
828 915 1026 967 Scytham
1061 914 1216 956 attente
1247 915 1489 970 perlegerit,
1528 916 1736 970 concedet,

270 987 370 1027 haec
413 987 551 1027 omnia
590 999 679 1027 esse
717 985 941 1040 peculiaria
971 984 1144 1026 Luciani
1175 986 1361 1039 ingenio,
1402 998 1541 1039 neque
1570 986 1622 1027 ad
1653 986 1737 1027 usi-

269 1060 396 1096 tatam
427 1056 641 1097 rhetorum
670 1055 845 1096 formam
876 1054 1041 1096 redacta
1074 1067 1121 1095 ea
1151 1055 1298 1096 credet.
1349 1054 1520 1096 Distant
1540 1056 1651 1096 enim
1673 1052 1738 1104 δὶς

269 1124 342 1165 διὰ
367 1133 531 1176 πασῶν,
564 1130 611 1166 ut
644 1126 777 1179 aiunt,
818 1128 858 1165 et
889 1138 912 1165 a
943 1125 1326 1166 declamatiunculis
1358 1137 1470 1167 mere
1500 1125 1737 1180 sophisticis

269 1194 460 1249 Luciani,
499 1195 548 1235 ab
580 1195 754 1249 Hippia,
795 1193 1065 1248 Dipsadibus,
1106 1195 1275 1235 Encom.
1309 1208 1493 1249 muscae,
1534 1195 1664 1249 aliis,³
1696 1199 1737 1235 et

270 1264 320 1305 ab
349 1265 502 1319 Apulei
538 1265 882 1318 narratiunculis,
921 1278 1027 1318 quae
1058 1266 1248 1306 oratoriis
1280 1265 1520 1319 quisquiliis
1551 1265 1737 1320 depictae

269 1336 313 1374 in
336 1335 598 1376 Floridorum
626 1334 870 1389 fragmentis
901 1335 1187 1375 inveniuntur.
1238 1334 1400 1376 Deinde
1431 1336 1585 1376 mirum
1617 1339 1737 1388 esset,

270 1417 323 1445 ex
356 1404 657 1446 Samosatensis
689 1408 821 1445 aetate
865 1405 1039 1445 iuvenili
1080 1408 1164 1445 tam
1195 1418 1348 1458 paucas
1380 1418 1596 1459 superesse
1626 1406 1737 1459 ipsas

271 1474 607 1528 declamationes,
652 1474 928 1528 praefationes
969 1487 1067 1515 vero
1110 1479 1183 1515 tot.
1252 1474 1362 1530 Ergo
1407 1488 1492 1516 non
1529 1476 1736 1516 rhetorem

271 1545 550 1598 sophistamve
592 1558 660 1585 eas
692 1544 944 1585 declamasse
975 1543 1226 1598 Lucianum,
1269 1544 1341 1586 sed
1372 1543 1648 1601 λογογράφον,
1690 1548 1737 1585 ut

270 1614 478 1655 Lucianeo
510 1613 712 1655 vocabulo
743 1618 849 1667 utar,
883 1627 950 1655 eas
982 1615 1175 1655 recitasse
1205 1613 1393 1656 arbitror.
1438 1614 1532 1655 Hoc
1557 1614 1607 1655 de
1634 1626 1738 1655 non-

269 1684 399 1726 nullis
427 1697 570 1725 earum
596 1684 831 1724 luculenter
859 1687 996 1738 potest
1023 1684 1308 1726 demonstrari.
1352 1683 1500 1738 ltaque
1520 1683 1738 1737 Meesius,⁴

271 1755 347 1795 etsi
390 1758 524 1795 totum
566 1754 644 1794 hoc
681 1766 816 1808 genus
852 1754 1009 1807 primae
1051 1755 1175 1795 aetati
1212 1754 1389 1795 rhetoris
1427 1753 1604 1808 addixit,
1649 1754 1738 1807 ipse

270 1825 418 1865 eximit
450 1824 500 1865 de
531 1836 706 1865 nimiero
736 1823 987 1864 iuvenilium
1027 1836 1200 1879 operum
1241 1823 1421 1879 (praeter
1452 1823 1667 1865 Bacchum
1697 1828 1739 1864 et

270 1894 514 1948 Herculem)
539 1893 787 1934 Promethea
816 1894 858 1933 in
880 1893 1018 1935 verbis
1040 1898 1092 1947 et,
1114 1893 1353 1934 dubitanter
1373 1898 1524 1947 tamen,
1549 1893 1737 1947 Zeuxim,

272 1977 376 2017 quos
407 1964 458 2004 ad
490 1964 670 2015 satyrica
701 1964 854 2017 scripta
884 1964 1212 2004 commendanda
1241 1964 1490 2017 compositos
1519 1976 1610 2004 esse
1641 1976 1737 2004 con—

270 2034 375 2074 iecit.
421 2033 477 2073 Et
504 2037 634 2074 recte:
669 2033 718 2074 de
744 2032 994 2074 Prometheo
1026 2034 1137 2074 enim
1165 2046 1286 2074 nemo
1314 2032 1539 2084 dubitabit3
1570 2036 1610 2074 et
1632 2046 1738 2087 quae

269 2104 313 2143 in
349 2103 547 2144 Zeuxidis
587 2115 618 2142 c.
654 2104 674 2142 l
719 2103 997 2144 inveniuntur
1027 2103 1368 2143 exclamationes:
1412 2099 1465 2141 ιὦ
1491 2109 1564 2158 τῆς
1592 2100 1737 2143 καινό-

387 2276 420 2316 1)
446 2273 517 2308 Hic
540 2272 667 2307 titulus
695 2275 748 2307 est
775 2272 813 2306 in
838 2273 938 2307 codd.
965 2272 1105 2308 Baccho
1133 2274 1271 2307 tantum
1298 2275 1333 2306 et
1358 2271 1506 2307 Herculi
1531 2272 1735 2316 inscriptus.

387 2331 421 2374 2)
450 2332 492 2365 cf.
517 2330 671 2366 Martial.
690 2330 756 2374 HI,
779 2330 821 2364 18
846 2332 933 2364 item
952 2330 1225 2374 Quintilianum,
1252 2330 1423 2365 Senecam
1445 2330 1488 2365 al.
1507 2349 1550 2354 —
1576 2329 1614 2364 Si
1634 2330 1737 2365 modo

270 2401 340 2424 vox
368 2389 502 2424 Graeca
533 2389 745 2433 (προλαλιιέὟ
782 2389 972 2432 respondet
1003 2388 1137 2424 latinae
1164 2388 1380 2433 ‘praefatio’,
1415 2389 1508 2433 quod
1534 2388 1737 2424 accuratius

271 2447 504 2482 demonstrari
530 2458 599 2481 non
624 2448 751 2491 potest.
803 2446 852 2481 Of.
879 2447 1090 2482 Volkmann.
1121 2446 1265 2481 Rhetor.
1298 2458 1330 2490 p.
1360 2445 1426 2481 308
1460 2449 1495 2480 et
1527 2446 1738 2482 Cresollium

269 2505 408 2540 Theatr.
434 2506 503 2539 vet.
531 2505 663 2538 rhetor.
692 2516 724 2548 p.
744 2505 823 2538 414.

386 2563 420 2605 3)
458 2562 550 2597 Male
588 2562 675 2597 haec
713 2563 832 2598 omnia
871 2563 1136 2597 confunduntur
1173 2573 1192 2597 a
1228 2562 1387 2606 Kaysero
1425 2562 1462 2596 in
1499 2562 1581 2596 edit.
1614 2561 1737 2597 Philo-

271 2620 373 2655 strati
402 2632 433 2664 p.
455 2621 497 2654 V.

384 2678 421 2719 4)
447 2678 484 2711 in
511 2680 696 2712 comment.
726 2678 769 2712 de
794 2678 877 2712 Luc.
906 2679 1037 2713 studiis
1064 2681 1098 2712 et
1123 2678 1266 2722 scriptis
1294 2678 1522 2712 iuvenilibus.
1572 2677 1736 2712 Roterod.

272 2734 357 2768 1841
388 2746 420 2778 p.
441 2735 495 2769 30.
