1924 3063
759 158 1041 195 -29—

174 283 280 324 quae
317 271 418 324 quin
449 269 581 310 Roma
612 270 736 309 fuerit
766 281 849 308 11011
881 268 1054 309 dubium
1087 273 1167 322 est,
1204 271 1394 322 proxime
1426 270 1576 311 afuisse
1608 284 1629 310 a

172 341 280 392 loce,
319 352 400 392 quo
432 338 642 379 Lucianus
683 351 725 379 se
764 339 853 391 ipse
891 350 986 378 cum
1028 339 1158 378 amico
1189 338 1286 378 facit
1316 339 1630 392 colloquentem.

174 409 259 449 Cur
295 421 392 449 vero
434 409 521 449 ruri
552 407 762 448 Lucianus
794 408 965 460 vixerit,
1012 420 1117 459 quae
1148 408 1250 448 ratio
1282 408 1450 448 vivendi
1481 422 1504 448 a
1536 422 1632 449 0011-

173 477 396 518 suetudine
437 477 714 530 sophistarum
753 476 955 516 mercedis
987 488 1110 516 causa
1140 477 1185 516 in
1215 477 1433 517 itineribus
1464 491 1632 518 versan—

172 547 277 587 tium
300 547 550 587 alienissima
569 545 664 598 fuit,
694 546 853 585 nescio:
891 545 972 585 nisi
993 545 1141 585 affectu
1165 546 1379 586 oculorum
1400 550 1632 587 commotus

172 619 244 656 est.
306 615 385 657 Sed
426 629 479 656 ne
520 615 738 655 minimum
776 614 944 667 quidem
988 627 1112 654 usum
1150 614 1332 655 Luciano
1373 615 1500 656 fuisse
1538 629 1633 656 cuin

174 686 368 738 quopiam
398 685 585 725 Romano
617 697 639 724 e
670 684 846 738 Nigrino
882 685 1165 738 cognoscitur:
1210 698 1305 725 cum
1342 690 1383 725 et
1418 685 1634 739 Nigrinus,

174 755 246 808 qui
286 755 383 794 talia
423 754 472 794 de
511 753 644 794 Roma
684 757 842 806 narret,
883 757 923 793 et
964 754 1141 806 amicus,
1184 755 1256 807 qui
1288 754 1515 795 maledictis
1545 755 1635 795 eius

173 837 337 864 summo
368 823 518 877 gaudio
548 822 770 875 afficiatur,
810 822 1093 863 Romanorum
1125 836 1263 863 osores
1295 836 1384 864 sese
1415 824 1635 865 ostendant

173 895 404 934 acerrimos.
450 891 610 933 Deinde
641 904 759 945 vero,
794 893 828 932 si
857 893 978 932 modo
1011 892 1115 932 nihil
1144 905 1305 945 eorimi,
1338 906 1443 946 quae
1475 906 1528 934 ex
1559 894 1635 933 hoc

174 962 334 1016 dialogo
366 962 557 1002 concludi
587 965 781 1016 possunt,
812 962 1089 1002 omittendum
1111 962 1287 1015 videtur,
1318 975 1402 1002 non
1428 963 1634 1016 intellego,

175 1045 258 1085 qua
303 1031 352 1072 de
398 1044 522 1072 causa
564 1031 768 1085 Nigrinus
810 1032 946 1071 omnia
993 1036 1033 1071 et
1073 1032 1118 1071 in
1156 1032 1235 1071 viis
1277 1036 1318 1071 et
1358 1032 1403 1072 in
1444 1032 1635 1072 domibus

172 1100 456 1141 Romanorum
501 1100 649 1141 cotidie
691 1100 798 1140 facta
843 1099 1025 1140 Luciano
1073 1102 1332 1154 exposuerit,
1383 1102 1417 1141 si
1462 1102 1529 1141 hic
1570 1114 1635 1142 res

174 1183 366 1210 romanas
397 1170 704 1222 aliquantulum
743 1173 783 1209 et
813 1170 901 1222 ipse
940 1171 1022 1209 iam
1058 1172 1244 1223 cognitas
1279 1170 1434 1210 habuit.
1497 1169 1636 1219 Quan-

177 1253 301 1292 quam
334 1239 434 1293 quid
463 1239 643 1292 loquor?
676 1238 771 1279 ficta
802 1251 891 1280 esse
921 1240 964 1278 in
996 1240 1073 1279 hoc
1104 1239 1266 1293 dialogo
1299 1241 1454 1292 omnia,
1484 1240 1637 1293 quibus

174 1309 264 1349 loca
295 1313 335 1349 et
366 1313 550 1362 tempora
580 1312 620 1349 et
650 1309 839 1349 homines
871 1308 1177 1361 describuntur,
1208 1308 1258 1348 ab
1289 1313 1475 1362 auctore,
1506 1310 1637 1350 Athe-

175 1379 386 1419 niensium
416 1378 673 1418 voluntatem
703 1379 905 1431 intuente,
937 1391 989 1419 ne
1019 1379 1063 1417 in
1095 1391 1138 1418 se
1168 1379 1256 1431 ipse
1285 1378 1637 1433 odiumumaledici

176 1448 354 1488 hominis
386 1447 663 1500 contraheret,
697 1448 791 1501 quis
823 1451 900 1500 est,
934 1448 1037 1501 quin
1065 1447 1235 1488 videat?
1255 1449 1266 1471 ¹
1304 1447 1384 1488 Sed
1418 1452 1464 1488 ut
1489 1447 1637 1489 Lucia-

175 1531 278 1558 num
318 1530 383 1558 res
420 1530 611 1557 romanas
652 1518 725 1570 ita,
765 1521 813 1557 ut
854 1518 898 1556 in
937 1517 1112 1571 Nigrino
1151 1529 1219 1557 eas
1255 1517 1461 1571 depinxit,
1498 1519 1637 1571 ipsum

176 1591 406 1641 compertas
447 1587 640 1627 habuisse
678 1586 844 1627 credere
885 1587 1030 1640 velim,
1074 1591 1213 1627 tamen
1245 1600 1511 1641 nequaquam
1541 1588 1638 1627 hinc

177 1656 363 1710 efficitur,
395 1669 491 1697 eum
518 1658 562 1696 in
590 1657 697 1697 vitae
727 1669 921 1696 romanae
948 1656 1138 1697 funditus
1168 1657 1474 1710 pernoscendae
1500 1657 1637 1697 studio

176 1726 281 1766 bene
326 1730 537 1766 versatum
581 1738 678 1766 esse.
757 1725 1007 1779 Quicunque
1048 1727 1158 1766 enim
1203 1727 1415 1780 dialogum
1460 1726 1509 1766 de
1556 1739 1637 1779 quo

178 1795 339 1849 agimus
369 1795 625 1835 considerate
654 1794 845 1848 perlegit,
875 1807 961 1834 non
992 1794 1157 1848 dubito,
1190 1796 1290 1848 quin
1314 1798 1479 1835 narrata
1501 1796 1639 1834 omnia

177 1864 399 1905 admodum
426 1865 573 1904 leviter
602 1865 818 1917 perstricta
849 1868 973 1917 atque
1004 1864 1223 1904 fervidiore
1247 1865 1384 1904 animo
1408 1878 1532 1917 quam
1564 1877 1638 1918 pro

178 1934 350 1974 veritate
380 1934 425 1973 in
454 1933 619 1973 laudem
650 1933 913 1973 Athenarum
944 1946 1143 1974 conversa
1173 1946 1261 1974 esse
1291 1934 1499 1974 concedat.
1556 1933 1637 1974 Ita-

179 2015 260 2056 que
300 2016 384 2043 non
425 2006 507 2043 tam
549 2002 874 2043 ‘observatorem
906 2002 1123 2043 subtilem'
1162 2004 1206 2042 in
1238 2003 1413 2057 Nigrino
1445 2003 1637 2056 equidem

177 2072 297 2112 video
340 2086 466 2126 quam
505 2072 784 2112 cavillatorem
816 2072 1214 2126 obtrectatoremque
1245 2073 1527 2127 ingeniosum,
1566 2074 1639 2126 qui

178 2142 360 2196 singula,
401 2155 507 2195 quae
547 2142 597 2183 (10
636 2142 858 2195 depravata
889 2142 1059 2182 vivendi
1094 2143 1252 2182 ratione
1281 2142 1563 2183 Romanorum
1595 2143 1637 2182 in

180 2213 365 2252 omnium
385 2213 583 2252 memoria
604 2213 854 2252 exstiterunt
875 2215 1001 2265 atque
1023 2225 1102 2264 ore,
1129 2213 1249 2265 quasi
1270 2211 1427 2265 ubique
1449 2212 1640 2265 decerpta

178 2281 342 2335 collegit
372 2285 498 2334 atque
528 2281 705 2322 Athenis
736 2284 879 2321 contra
910 2282 955 2320 in
987 2281 1145 2321 caelum
1177 2281 1294 2321 elatis
1325 2281 1560 2321 illustravit.

296 2349 404 2398 Quid
448 2350 580 2390 dicam
621 2351 670 2391 de
709 2354 954 2404 argumento
996 2350 1108 2403 quod
1145 2350 1406 2391 Schwarzius
1444 2350 1638 2404 deinceps

179 2419 319 2460 attulit
357 2419 516 2460 verbis:
560 2420 653 2460 ‘der
692 2421 737 2459 in
776 2419 883 2460 Rom
926 2420 1001 2459 mit
1045 2419 1386 2459 einflussreichen
1428 2419 1640 2460 Staats-

179 2493 442 2529 mannern
474 2489 525 2543 (z.
547 2489 594 2530 B.
625 2489 880 2530 Rutiliianus
911 2490 968 2528 im
997 2488 1256 2543 Alexander)
1287 2488 1482 2528 verkehrt
1512 2488 1638 2529 hat’?

300 2592 334 2633 1)
359 2591 540 2626 Croisetus
574 2594 689 2626 tamen
723 2591 840 2626 onmia
871 2602 960 2635 quac
988 2592 1023 2624 111
1049 2591 1198 2635 Nigrino
1224 2592 1413 2626 narrantiu·
1440 2601 1523 2625 vera
1547 2591 1641 2625 sacta

182 2659 258 2682 esse
289 2652 403 2692 putat,
440 2649 482 2683 cf.
516 2649 619 2683 Mem.
646 2651 688 2683 dc
714 2649 848 2684 l’Acad.
875 2650 918 2682 de
942 2648 1166 2693 Montpellicr
1197 2652 1221 2683 t.
1248 2649 1298 2683 VI
1333 2648 1452 2692 (1878)
1486 2650 1521 2681 et
1551 2648 1587 2681 in
1617 2648 1639 2681 1.

182 2706 282 2740 Essai
309 2717 369 2740 sur
394 2707 527 2741 Lucicn
556 2719 588 2751 p.
615 2708 635 2741 9
655 2719 751 2751 seqq.
