1924 3063
827 192 880 198 ’-
944 172 997 208 30
1059 193 1112 198 ——-

239 286 427 325 Primum
460 284 678 324 dicendum
712 287 794 333 est,
828 296 963 335 nequo
995 296 1015 321 a
1050 282 1283 322 Schwarzio
1316 294 1451 334 nequo
1483 282 1533 322 ab
1564 282 1644 322 alio
1676 294 1698 322 e

238 356 402 409 scriptis
432 354 650 395 Lucianeis
687 353 817 392 ullum
850 353 986 391 virum
1018 355 1111 404 post
1139 351 1414 391 Rutillianum
1447 352 1533 391 erui
1566 364 1698 405 posse,

239 439 363 480 quem
404 425 448 463 in
487 436 530 463 re
562 422 727 476 publica
756 425 988 461 versantem
1022 420 1231 461 Ludimus
1262 420 1416 461 Romae
1447 422 1698 461 convenerit.

353 494 629 536 Rutillianum
667 493 797 545 igitur
835 491 1041 531 lmcianus
1073 505 1096 531 a
1127 491 1300 544 nuptiis7
1344 504 1446 543 quas
1477 504 1571 531 cum
1602 490 1699 530 Ale-

238 566 388 607 xandri
432 564 518 604 filia
562 562 740 616 paravit,
791 561 1031 601 dehortatus
1077 563 1175 603 est.¹
1253 560 1509 601 Rutillianus
1560 564 1699 601 autem

237 636 393 676 Romae
437 634 575 674 erat‘2:
628 644 724 685 ergo
771 630 981 671 Lucianus
1028 643 1195 684 quoque
1244 629 1502 682 aliquamdiu
1545 629 1699 670 Romae

236 707 514 746 connuoratus
545 704 617 742 est.
666 700 921 753 Certissime7
949 700 1026 739 hoc
1057 713 1141 739 non
1173 712 1296 754 nego,
1327 699 1398 739 sed
1431 699 1546 739 nullo
1577 699 1699 739 modo

237 788 290 816 ex
336 787 382 815 00
429 772 567 825 colligi
608 770 721 823 licet,
766 770 967 823 quamdiu
1013 769 1095 809 illic
1139 769 1273 810 fuerit.
1332 768 1544 823 Sophistas
1589 770 1699 809 enim

236 845 548 899 peregrinantes
580 840 792 880 celerrime
821 842 862 879 et
892 840 1030 893 ipsum
1062 840 1351 893 imperatorem
1385 842 1426 879 et
1456 838 1558 878 alios
1590 839 1700 878 Viros

239 913 449 955 illustres3
479 911 722 965 cognovisse
754 922 807 949 ex
838 908 1081 949 Philostrati
1120 909 1208 949 vitt.
1242 908 1364 961 Soph.
1396 907 1514 948 facile
1544 911 1607 948 est
1637 908 1699 947 111-

236 984 415 1025 tellectu.
486 980 679 1033 Namque
719 979 802 1019 illis
844 977 1099 1031 temporibus
1139 991 1287 1032 graeca
1328 977 1503 1018 eruditio
1545 976 1700 1017 Romae

237 1056 451 1106 tantopere
482 1048 667 1103 vigebat,
710 1051 758 1088 ut
789 1047 908 1087 facile
942 1048 1014 1101 qui
1045 1060 1128 1087 non
1162 1048 1243 1087 nisi
1273 1059 1417 1101 graece
1448 1047 1563 1100 loqui
1596 1046 1700 1086 didi-

235 1125 376 1174 cisset,
420 1121 493 1161 diu
523 1119 680 1159 Romae
718 1118 963 1158 commorari
1005 1120 1045 1157 et
1081 1117 1182 1157 viris
1219 1117 1401 1157 romanis
1432 1115 1700 1157 nobilissimis

235 1192 493 1234 familiariter
528 1189 593 1229 uti
627 1190 776 1241 posset.
837 1187 944 1227 Tum
981 1199 1079 1227 vero
1110 1186 1342 1227 Lucianum
1372 1189 1419 1226 ut
1450 1189 1538 1226 erat
1567 1186 1704 1226 inimi-

237 1263 428 1304 cissimus
458 1258 675 1300 mendacio
707 1260 833 1310 atque
865 1257 1170 1310 superstitioni,
1200 1256 1281 1296 tale
1301 1256 1523 1296 consilium
1544 1255 1705 1297 dedisse

236 1333 338 1373 mihi
371 1330 539 1385 quidem
571 1327 739 1368 videtur
770 1330 1114 1373 consentaneum,
1147 1327 1306 1367 etiamsi
1334 1325 1521 1366 nondum
1542 1326 1704 1380 longin—

239 1415 348 1456 quus
380 1413 484 1441 usus
516 1398 594 1439 sibi
624 1397 928 1437 intercessisset
962 1409 1009 1436 ac
1039 1396 1294 1436 familiaritas
1324 1408 1420 1436 cum
1450 1395 1702 1436 Rutffliano:

236 1485 332 1513 cum
383 1469 625 1524 praesertim
672 1470 832 1507 veteres
878 1478 1018 1519 neque
1064 1469 1180 1506 tanta
1226 1466 1419 1505 cautione
1467 1465 1704 1518 vituperare

237 1552 375 1594 neque
418 1538 588 1579 laudare
633 1539 748 1576 tanta
793 1536 1025 1576 temeritate
1069 1538 1225 1588 quanta
1269 1535 1518 1575 recentiores
1561 1534 1703 1574 solitos

237 1623 326 1652 esse
359 1622 412 1650 ex
441 1607 743 1650 Samosatensis
780 1606 912 1659 ipsius
942 1604 1094 1645 libellis
1121 1606 1276 1658 passim
1308 1604 1511 1645 discatur„
1560 1605 1703 1657 Atque

238 1681 362 1721 etiam
392 1678 665 1729 Rutillianus,
708 1676 780 1728 qui
819 1675 888 1715 illo
928 1675 1101 1715 consilio
1133 1675 1320 1728 neglecto
1352 1674 1532 1727 puellam
1564 1677 1703 1714 tamen

238 1752 282 1790 in
307 1736 622 1789 matrimonium
644 1746 786 1798 duxit,
818 1744 1051 1785 Lucianum
1071 1758 1221 1799 parum
1242 1745 1380 1789 novit:
1414 1757 1465 1784 an
1488 1743 1703 1784 oraculum

239 1833 335 1861 eum
366 1819 596 1873 petiturum
635 1816 765 1856 fuisse
794 1818 918 1868 putas
949 1814 999 1854 ab
1034 1814 1274 1855 Alexandro
1307 1813 1360 1853 de
1387 1812 1569 1854 Luciano
1600 1813 1703 1866 ipso,

239 1891 273 1931 si
305 1902 401 1929 cum
433 1900 480 1928 eo
511 1887 593 1926 iam
629 1885 787 1925 diutius
818 1883 1057 1924 vixissetP4
1109 1883 1304 1937 Denique
1334 1882 1590 1923 Ruffllianus
1619 1894 1703 1922 ser-

238 1959 373 1999 monis
401 1957 538 2011 graeci
570 1967 737 2009 compos
769 1957 873 2005 erat,
904 1954 972 1994 cui
1003 1966 1099 1993 011111
1120 1953 1361 1994 Alexander
1390 1965 1537 2006 graeca
1566 1951 1702 1992 reddi-

240 2029 369 2069 disset
398 2038 614 2079 responsa7
647 2023 697 2064 ab
729 2036 776 2064 eo
807 2035 954 2077 graeca
985 2024 1173 2076 quaesita
1203 2035 1292 2063 esse
1322 2021 1517 2063 constat.5

355 2097 504 2149 Itaque
541 2106 676 2147 usque
712 2093 813 2133 adeo
849 2092 954 2132 1111111
987 2093 1244 2133 necessitatis
1274 2092 1412 2144 video,
1453 2104 1527 2131 cur
1556 2090 1701 2131 Lucia-

240 2181 343 2208 num
380 2166 504 2206 bene
544 2164 674 2204 latina
715 2163 885 2203 scivisse
924 2162 1150 2202 credamus.
1211 2162 1316 2201 Tum
1348 2174 1445 2201 vero
1483 2161 1524 2199 111
1558 2160 1703 2213 primis

240 2235 511 2278 statuendum
551 2237 631 2286 est,
681 2244 824 2272 omnes
862 2231 947 2271 fere
989 2231 1079 2271 eius
1120 2231 1266 2270 aetatis
1307 2234 1496 2270 auctores
1533 2241 1703 2283 graecos

239 2307 369 2346 latina
418 2316 566 2358 parum
617 2301 820 2341 didicisse.
895 2299 1015 2348 Quod
1065 2301 1109 2340 ni
1156 2299 1275 2339 fallor
1319 2312 1340 2339 0
1388 2298 1569 2339 Luciano
1613 2299 1702 2352 ipso

359 2442 391 2485 1)
418 2439 519 2474 Alex.
550 2450 579 2473 0.
604 2437 659 2472 54.

357 2498 392 2540 2)
420 2497 521 2532 Alex.
547 2508 577 2531 c.
604 2496 659 2530 30.
683 2496 737 2529 35.

358 2557 391 2599 3)
417 2555 536 2590 Talem
561 2554 672 2588 fuisse
698 2552 934 2586 Rutillianum
960 2562 978 2584 0
1003 2550 1159 2584 Luciano
1185 2550 1272 2584 satis
1299 2551 1447 2583 constat.
1496 2549 1587 2583 Eum
1619 2558 1702 2582 con-

242 2614 357 2650 sulem
382 2614 466 2648 anni
493 2613 557 2647 169
583 2624 614 2656 p.
635 2611 716 2645 Chr.
740 2610 850 2644 fuisse
868 2609 1044 2652 suspicor:
1072 2608 1113 2641 cf.
1134 2607 1251 2645 Klein,
1272 2608 1352 2642 fasti
1372 2607 1575 2641 consulares
1600 2618 1633 2650 p.
1649 2606 1701 2640 78.

358 2672 393 2715 4)
419 2671 521 2705 AleX.
547 2682 577 2705 0.
602 2670 656 2703 54.

359 2730 393 2773 5)
420 2729 521 2763 Alex.
553 2742 581 2762 c.
609 2728 663 2762 51.
