1924 3063
768 180 1049 216 -37—

181 294 279 347 quia
312 297 421 334 certe
443 293 577 347 Scipio
609 294 767 346 primus
798 291 1062 332 collocandus
1084 291 1182 331 fuit:
1215 292 1325 345 quod
1356 294 1409 345 is,
1432 294 1503 346 qui
1535 307 1634 334 sace.

179 362 275 402 XV.
305 362 514 416 dialogum
554 363 597 402 in
634 362 811 402 latinum
850 372 1081 401 sermonem
1123 361 1323 401 vertendo
1355 364 1636 416 commutavit,

178 436 288 472 recto
320 431 397 473 sibi
428 435 620 472 constans
651 432 756 472 fecit.

292 501 397 541 Tum
429 514 527 541 vero
561 500 845 554 quaerendiun
875 500 1055 552 videtur,
1097 500 1198 551 quid
1231 501 1284 541 sit
1315 501 1438 554 illud,
1478 502 1521 541 in
1555 515 1636 555 quo

180 571 300 624 quasi
351 575 558 611 certamen
607 571 659 611 sit
700 571 1004 611 controversiae
1041 571 1346 624 imperatorum.
1417 570 1486 612 Lis
1530 573 1640 611 enim

178 640 356 681 conflata
386 644 447 681 est
475 637 573 694 περὶ
596 636 844 693 προεδρίας,
874 640 910 681 h.
935 652 966 680 e.
1000 640 1049 680 de
1081 640 1176 680 sede
1197 641 1428 694 praecipua.
1490 640 1637 694 Neque

176 711 305 764 igitur
336 709 385 751 de
416 709 607 763 pluribus
639 708 805 749 sedibus
844 709 1111 762 cogitandmn
1143 713 1226 762 est,
1273 723 1450 762 quarum
1481 711 1637 763 primae

176 779 346 820 inferior
367 779 566 834 dignitate
588 778 790 830 secunda,
823 779 1028 819 secundae
1050 780 1167 819 tertia
1201 780 1270 831 sit,
1302 779 1413 832 quod
1443 780 1487 819 in
1519 792 1638 819 voca-

178 849 274 889 bulo
305 864 340 903 q.
365 861 397 889 e.
420 844 626 903 προεδρία
647 848 817 887 minime
838 848 956 888 inest.
1019 848 1114 888 Non
1137 848 1296 901 dubito,
1330 849 1432 901 quin
1455 848 1637 889 Luciano

177 923 271 959 ante
322 919 464 959 oculos
500 921 711 959 versatum
759 917 812 957 sit
851 917 1050 970 Aeschyli
1091 918 1389 972 Euripidisque
1433 922 1639 959 certamen

181 985 281 1041 περὶ
314 987 576 1042 τραγῳδικοΐ·
605 986 803 1042 θρόνοις1
834 1000 971 1041 neque
1004 999 1102 1027 vero
1128 987 1212 1027 illic
1242 988 1350 1028 inter
1382 992 1466 1028 tres
1496 988 1546 1028 lis
1568 992 1641 1042 cst,

176 1070 312 1110 neque
333 1057 448 1106 inde⁷
482 1057 592 1110 quod
613 1057 837 1111 Euripides
858 1070 954 1097 cum
974 1057 1183 1108 Aeschylo
1215 1060 1430 1110 poetarum
1451 1057 1638 1110 praeside

176 1130 324 1180 certat,
356 1126 547 1179 efficitur,
578 1139 673 1166 eum
705 1131 815 1167 certe
837 1126 1067 1167 secundum
1088 1126 1322 1180 putandum
1345 1139 1432 1167 esso
1452 1130 1637 1180 poetam:

177 1197 226 1237 de
264 1196 436 1237 secundi
470 1196 536 1237 vel
578 1196 687 1236 tertii
726 1197 1012 1237 aestimatione
1058 1197 1225 1236 omnino
1263 1209 1347 1235 non
1390 1196 1637 1249 disputatur.

175 1266 418 1319 Eodemque
438 1265 559 1305 modo
594 1265 703 1319 apud
726 1265 957 1306 Lucianum
989 1278 1100 1306 unus
1130 1278 1295 1319 praeses
1327 1265 1543 1319 eligendus
1566 1270 1639 1311 ost,

176 1336 248 1389 qui
279 1336 465 1375 omnium
496 1336 794 1389 imperatorum
825 1335 1125 1389 principatum,
1168 1332 1320 1389 θρόνον
1353 1333 1636 1390 στρατηγικόν,

175 1408 223 1445 ut
253 1405 310 1445 ita
340 1404 490 1457 dicam,
522 1404 632 1458 apud
653 1404 806 1445 inferos
828 1405 1023 1446 obtineat.
1084 1404 1293 1445 Iudicium
1314 1408 1452 1445 autem
1475 1404 1639 1459 Minois,

176 1475 248 1527 qui
297 1477 380 1515 tres
431 1474 574 1515 ordine
621 1475 890 1527 imperatores
938 1475 1138 1528 disponit,
1187 1475 1307 1515 etiam
1358 1475 1433 1515 hac
1482 1476 1639 1516 ratione

173 1545 361 1598 ineptum
394 1544 590 1584 estx'non
623 1545 734 1585 enim
763 1548 825 1585 est
849 1541 985 1599 κρίσις
1012 1542 1111 1598 περὶ
1145 1540 1387 1598 προεδρίας.

288 1613 338 1653 111
377 1613 588 1654 codicibus
628 1626 748 1666 vero,
799 1615 868 1667 qui
919 1614 1087 1666 quidem
1138 1617 1328 1654 accurate
1370 1614 1505 1654 collati
1545 1615 1638 1666 sint,

174 1684 311 1723 onmia
343 1683 427 1723 fere
456 1668 630 1737 uestigia
661 1683 992 1736 interpolationis
1024 1683 1240 1723 obliterata
1273 1687 1392 1723 sunt:
1426 1684 1503 1723 nisi
1538 1684 1637 1736 quid

175 1753 297 1793 habet
335 1753 535 1793 momenti
580 1752 623 1792 id
664 1752 773 1805 quod
814 1752 1067 1792 Fritzschius
1109 1753 1310 1804 notavit,²
1348 1752 1515 1792 titulum
1555 1752 1638 1792 dia-

174 1823 256 1876 logi
288 1821 386 1862 XII.
420 1834 508 1862 esse
547 1822 591 1861 in
630 1822 912 1862 vetustissimo
954 1822 1039 1863 cod.
1077 1821 1256 1861 Vindob.
1294 1822 1374 1862 123
1414 1826 1531 1874 (saec.
1566 1821 1639 1875 X.)

175 1887 462 1946 (Ἀλεξάνδρου
504 1889 574 1931 καὶ
606 1886 826 1943 Ἀννίβου]
896 1891 1086 1945 Itemque
1128 1891 1439 1931 Herwerdenus
1479 1892 1639 1944 primus

174 1961 320 2014 Vidit,3
350 1962 395 2000 in
426 1961 512 2003 cod.
547 1960 670 2001 Marc.
703 1962 786 2001 434
816 1960 960 2001 Verba:
1005 1956 1297 2014 “Άλεξάνὸ’ροι·
1334 1958 1401 2000 καί
1431 1956 1637 2012 ΆννῖβοΝ

174 2045 197 2072 a
226 2031 362 2085 priore
393 2043 521 2070 manu
553 2031 703 2083 scripta
726 2043 836 2083 esse,
868 2030 1027 2084 reliqua
1059 2026 1256 2078 ‘Mlmog
1284 2027 1353 2070 καὶ
1375 2018 1639 2084 Σκι,;ἰ.,ιίονος’

173 2115 196 2141 a
248 2101 474 2141 recentiore
529 2100 677 2140 addita.
749 2098 941 2152 Denique
982 2099 1287 2153 respiciendum
1327 2103 1409 2152 est,
1455 2099 1639 2153 dialogos

174 2174 431 2211 mortuorum
462 2170 605 2209 multis
627 2170 740 2209 vitiis
770 2169 974 2222 laborare,
1003 2169 1045 2209 id
1069 2169 1179 2222 quod
1213 2169 1346 2209 valeat
1374 2169 1637 2222 potissimum

174 2240 223 2280 de
254 2239 442 2293 partibus
473 2251 615 2279 eorum
647 2239 879 2279 extremis}

289 2308 482 2349 Ceterum
520 2309 717 2349 memoria
757 2308 980 2362 repetenda
1023 2312 1107 2361 est,
1149 2309 1191 2347 in
1230 2307 1364 2347 tribus
1404 2307 1486 2348 illis
1525 2306 1638 2347 libris

174 2377 347 2419 Luciani
381 2379 531 2432 scripta
564 2378 765 2418 nonnulla
801 2378 928 2418 latino
961 2390 1151 2418 sermone
1193 2376 1524 2428 continentibus,
1567 2378 1639 2430 qui

175 2448 294 2487 annis
329 2448 464 2498 1494,
498 2448 629 2498 1497,
664 2448 772 2487 1516
806 2448 901 2487 editi
935 2452 1055 2500 sunt,
1100 2447 1192 2487 dial.
1222 2451 1339 2486 mort.
1374 2445 1471 2486 XII.
1505 2459 1637 2485 unum

293 2559 324 2595 1)
351 2560 409 2592 Ar.
436 2558 522 2593 Ran.
550 2559 625 2593 769.
677 2560 719 2593 cf.
748 2559 906 2603 Ziegeler
930 2559 952 2593 1.
972 2572 999 2593 o.
1034 2572 1066 2603 p.
1085 2560 1123 2592 21
1155 2570 1226 2602 seq.

291 2616 324 2659 2)
352 2616 572 2650 Fritzschius
597 2617 632 2650 in
660 2617 742 2651 edit.
762 2617 827 2660 ΙΠ,
854 2618 874 2650 2
900 2629 930 2660 p.
958 2618 989 2650 7.

290 2675 325 2717 33)
354 2674 390 2707 in
412 2674 434 2707 1.
461 2673 674 2709 Plutarchea
700 2677 735 2708 et
760 2675 939 2710 Lucianea
970 2676 1075 2719 1257.

289 2731 325 2775 4)
352 2732 394 2766 cf.
420 2731 594 2766 Fritzsch.
622 2733 657 2765 in
686 2733 767 2766 odit.
796 2732 861 2776 ΠΙ,
889 2732 909 2766 2
933 2744 965 2776 p.
991 2732 1009 2767 Ι
1034 2743 1105 2776 seq.
