1924 3063
880 200 931 204 —-
995 180 1048 215 eo
1113 168 1214 205 -'

289 299 349 335 est
391 294 502 348 quod
547 294 596 333 de
639 293 847 344 mysteriis
884 291 1151 332 Demonactis
1192 292 1385 332 dilemma
1426 298 1488 333 est
1530 295 1567 333 in
1611 306 1642 334 c.
1678 295 1751 334 11:

288 372 463 417 meque,
505 364 537 402 si
571 363 764 414 mysteria
798 361 905 401 mala
938 366 1054 411 sunt,
1096 366 1230 402 tacere
1262 375 1451 415 possum,
1488 367 1536 403 ut
1564 363 1756 404 dehorter

289 448 369 474 nou
402 434 601 484 initiatos,
636 445 788 485 neque,
822 432 852 471 si
888 431 992 471 bona
1026 436 1142 484 sunt,
1176 444 1272 486 prae
1307 432 1579 485 humanitate,
1614 434 1755 487 itaque

289 505 375 557 ipse
420 503 575 543 initiari
622 501 750 541 nelos
812 500 935 541 Sacra
979 514 1021 541 se
1067 514 1146 541 uon
1196 502 1339 541 fecisse
1382 501 1594 542 Minervae
1638 502 1755 554 dixit,

289 574 386 626 quia
416 573 514 613 deos
545 572 632 612 suis
659 571 841 611 victimis
866 571 1052 625 indigere
1074 584 1154 611 non
1179 572 1411 624 putavisset
1431 572 1480 625 (c.
1505 570 1587 625 11),
1619 584 1756 624 neque

286 644 327 683 in
361 642 514 695 templa,
545 642 717 681 deorum
750 644 961 693 precatum
994 641 1053 681 ire
1086 644 1291 694 oportere,
1325 641 1421 694 quia
1454 645 1573 682 extra
1604 641 1757 695 templa

287 712 385 753 deos
426 725 507 751 non
557 724 676 751 secus
717 723 764 750 ac
803 710 845 749 in
890 710 1054 763 templis
1095 711 1239 751 audire
1279 724 1398 765 posse
1430 713 1755 751 consentaneum

287 783 340 822 sit
371 782 420 835 (e.
445 780 528 835 27).
592 780 686 819 Alia
718 780 759 819 111
791 792 846 820 ce.
871 780 935 821 37.
961 781 1013 820 59
1046 781 1255 834 leguntur.
1317 781 1549 833 Sophistica
1577 780 1755 833 quadam

287 854 326 891 et
353 840 537 903 captiosa
565 849 831 889 conclusione
854 849 1125 900 Agathoclem
1149 850 1473 903 Peripateticum
1496 850 1756 904 gloriantem,

287 933 329 960 se
361 920 495 960 solum
529 923 569 960 et
600 919 781 972 primum
815 919 1074 959 dialecticum
1109 932 1217 969 esse,
1247 920 1305 960 sic
1337 932 1532 973 superare
1559 924 1599 960 et
1619 920 1756 960 redar-

287 1003 416 1043 guere
446 989 628 1030 studuit:
674 989 735 1030 ‘Si
768 990 929 1042 primus
959 989 1198 1030 dialecticus
1230 1002 1288 1036 es,
1329 1003 1411 1029 non
1445 989 1559 1030 solus
1589 1002 1650 1041 es,
1692 990 1754 1029 sin

288 1059 419 1112 solus,
452 1072 535 1099 non
567 1060 761 1112 primus.l

403 1129 450 1169 In
506 1129 631 1169 rebus
678 1129 864 1181 physicis
913 1127 1129 1169 Demonax
1182 1142 1345 1182 operam
1398 1130 1611 1169 minimam
1661 1142 1758 1169 con-

288 1199 515 1251 sumpsisse
547 1198 725 1238 videtur.
787 1198 989 1238 irridebat
1027 1201 1171 1238 contra
1211 1199 1491 1252 speculatores
1521 1202 1759 1239 venatores-

289 1281 369 1320 que
404 1272 595 1320 naturae,
638 1269 671 1308 si
704 1267 982 1321 proterebant,
1025 1281 1131 1321 quae
1163 1281 1206 1308 se
1240 1269 1442 1322 reperisse
1473 1267 1675 1321 putabant
1707 1267 1757 1307 ab

288 1338 503 1378 oculorum
546 1337 890 1390 reliquorumque
930 1350 1129 1377 sensuum
1171 1338 1261 1391 ipsa
1301 1337 1647 1391 contemplatione
1689 1336 1759 1376 ab·

288 1408 509 1448 horrentia.
572 1407 702 1447 Velut
744 1407 917 1461 physico
954 1407 1118 1447 cuidam
1151 1407 1201 1447 de
1232 1407 1498 1461 antipodibus
1530 1407 1755 1460 disputanti

291 1477 480 1518 umbram
511 1478 552 1517 in
587 1491 696 1530 aqua
728 1477 928 1530 ostendit,
961 1491 1057 1517 1-11111
1081 1481 1317 1530 quaereret:
1349 1477 1471 1517 ‘tales
1498 1478 1626 1531 igitur
1653 1478 1758 1517 anti—

289 1547 416 1601 podas
449 1560 538 1587 esse
571 1547 705 1587 dieis?
739 1553 790 1600 (e.
818 1548 900 1586 22.
963 1546 1209 1587 Absurdum
1245 1560 1334 1587 esse
1366 1547 1489 1599 dixit,
1532 1546 1581 1587 de
1612 1547 1759 1587 mundi

291 1615 479 1671 ‘mornay’
522 1617 726 1669 laborare,
768 1617 895 1656 animi
937 1630 1036 1657 vero
1075 1618 1207 1670 ipsius
1248 1613 1496 1668 ‘dnoupu'ccr'
1543 1616 1760 1670 neglegere

287 1687 448 1741 (fragm.
490 1687 551 1727 IV
578 1682 690 1742 *F1·.).
770 1686 1035 1740 Quantopere
1082 1688 1232 1727 mentis
1276 1698 1565 1739 sensuumque
1606 1685 1760 1726 iudicio

289 1757 471 1797 confisus
513 1758 584 1807 sit,
627 1758 918 1811 cognoscimus
959 1770 1010 1797 ex
1053 1770 1251 1810 responso
1293 1756 1404 1809 quod
1441 1756 1553 1797 dedit
1585 1757 1761 1796 interro-

289 1828 423 1880 ganti,
458 1830 559 1879 quot
589 1827 701 1867 mille
731 1827 855 1867 minis
886 1827 1097 1880 lignorum
1129 1827 1321 1867 crematis
1352 1827 1488 1866 minae
1515 1826 1619 1866 fumi
1642 1829 1760 1866 natae

291 1897 394 1936 sint:
430 1896 699 1950 ‘Perpende’,
730 1897 886 1949 inquit,
919 1897 1136 1949 ι0111919111,
1169 1909 1290 1936 omne
1324 1896 1433 1949 quod
1465 1899 1592 1936 restat
1618 1895 1761 1936 fumus

292 1966 372 2006 est’
406 1972 456 2019 (e.
488 1966 570 2020 39).

409 2035 519 2084 Quid
551 2035 771 2076 Denionax
806 2036 856 2076 de
886 2036 1197 2076 immortalitate
1228 2036 1355 2075 animi
1382 2035 1516 2088 deque
1538 2038 1631 2088 post
1653 2048 1761 2074 mor-

291 2110 375 2146 tem
416 2109 528 2145 statu
569 2106 830 2159 cogitaverit,
869 2105 1042 2146 fortasse
1081 2118 1102 2145 e
1139 2105 1388 2157 quibusdam
1422 2105 1640 2144 sententiis
1672 2104 1762 2144 eius

292 2174 605 2214 obscurioribus
639 2174 847 2228 explorari
876 2178 1023 2227 potest.
1072 2174 1321 2228 (sslpinionem
1353 2174 1467 2227 vulgi
1499 2178 1609 2213 certe
1641 2186 1761 2227 saepe

292 2243 513 2284 irridebat:
546 2257 642 2283 nam
674 2245 973 2297 interrogatus,
1007 2243 1107 2296 quid
1138 2248 1304 2296 putaret
1327 2244 1377 2283 de
1398 2243 1558 2295 inferis,
1592 2256 1761 2296 respon-

293 2315 449 2354 sionem
484 2327 600 2354 suam
634 2314 675 2353 in
710 2314 846 2354 iocum
884 2314 1097 2353 derivans:
1148 2313 1384 2366 ‘Expe‹*ta',
1429 2313 1584 2365 inquit,
1628 2312 1761 2351 ‘illinc

293 2383 367 2423 tibi
407 2382 607 2423 scribam'
651 2386 700 2438 (c.
734 2383 819 2437 42).
895 2383 1184 2436 Interrogatus
1227 2382 1382 2434 denuo,
1429 2395 1529 2422 num
1574 2382 1759 2421 animum

292 2453 567 2493 immortalem
590 2465 679 2493 esse
702 2453 862 2493 credat:
898 2451 1200 2505 ‘Immortalis',
1232 2452 1387 2505 inquit,
1418 2451 1507 2492 ‘sed
1530 2454 1577 2491 ut
1598 2450 1760 2491 onmia.'

407 2625 439 2665 1)
467 2623 640 2657 Similiter
666 2623 799 2657 dictum
827 2625 881 2657 cst
906 2635 959 2667 ap.
985 2623 1128 2657 Hieron.
1153 2622 1255 2666 epist.
1282 2622 1325 2655 ad
1351 2621 1537 2665 Nepotiani.
1564 2622 1606 2654 de
1634 2621 1760 2655 Demo-

294 2682 417 2715 sthene
452 2683 486 2715 ct
518 2681 702 2715 Cicerone:
745 2682 1019 2715 ‘Demosthenes
1052 2681 1117 2714 tihi
1150 2681 1187 2723 (i.
1213 2691 1242 2713 e.
1270 2680 1446 2717 Ciceroni)
1476 2679 1687 2725 praeripuit,
1716 2689 1760 2712 ne

293 2750 388 2773 esses
416 2739 552 2783 primus
578 2741 703 2782 orator,
730 2741 769 2773 tu
794 2739 864 2782 illi,
893 2751 935 2773 ne
959 2739 1079 2774 solus.'
