1924 3063
748 151 1030 187 —31-

157 264 436 317 cognoscitur,
484 264 555 316 qui
598 262 694 302 talia
734 261 861 302 verba
900 261 997 301 facit
1039 261 1088 301 de
1131 263 1316 302 omnium
1360 263 1613 305 Graecorum

159 328 549 383 (πεπαιδευμένων
592 332 780 383 scientia,
822 334 868 371 ut
906 344 1029 371 suum
1066 331 1198 383 ipsius
1234 332 1428 372 scientiae
1460 336 1615 374 statum

155 401 360 441 indicasse
380 400 582 452 Videatur,
615 400 662 439 cf.
685 399 735 439 de
758 412 878 439 merc.
902 399 1018 439 cond.
1051 412 1083 439 c.
1108 400 1183 439 24:
1219 397 1311 439 ‘mi
1345 399 1418 440 οὐκ
1448 398 1616 459 αἰσχύνῃ

156 467 199 509 ἐν
235 468 412 523 τοιούτῳ
449 468 608 524 πλήθει
642 464 861 522 (Ρωμαὶῑιῷ
897 466 1022 520 μόνος
1058 464 1220 518 ξενίζων
1255 475 1315 522 τῷ
1344 466 1510 523 τρίβωνι
1546 470 1618 513 καὶ

157 545 389 593 πονηρῶς
425 538 510 594 τὴν
543 533 796 589 Ῥωμαίων
831 537 999 593 φωνὴν
1032 534 1379 591 βαρβαρίζων;
1428 539 1613 581 Dubium

155 621 241 648 non
272 611 352 660 est,
386 608 487 661 quin
518 608 595 647 hoc
620 602 889 661 βαρβαρίζειν
919 607 969 647 iis
1000 619 1167 659 quoque
1192 606 1357 648 Graecis
1389 609 1615 650 attribuen-

156 677 254 718 dum
288 678 360 729 sit,
394 678 466 730 qui
498 677 655 717 diutius
684 676 727 715 in
758 675 880 715 Italia
909 676 1062 715 versati
1093 676 1191 727 sint,
1220 677 1302 716 nisi
1335 679 1503 719 omnino
1535 693 1616 720 ser-

155 747 290 787 monis
320 747 438 787 latini
467 747 601 800 ignari
631 744 876 786 manebant:
919 746 1038 785 cuius
1067 745 1126 785 rei
1157 746 1348 799 exempla
1378 749 1618 789 recentioris

156 829 324 870 quoque
366 816 562 869 temporis
601 814 829 868 populique
868 818 1032 867 praesto
1077 818 1188 855 sunt.
1250 815 1317 856 Sic
1354 816 1617 871 Plutarchus,

155 888 202 925 ut
241 885 481 939 exemplum
519 884 681 925 afferam
725 885 1007 937 notissimimi,
1053 885 1128 924 etsi
1170 897 1310 925 rerum
1351 900 1614 928 romanarum

156 954 483 995 studiosissimus
529 956 631 1006 erat,
676 956 814 993 tamen
860 950 968 1007 (ὀψὲ
1014 951 1083 992 καὶ
1127 951 1274 1008 πόῤῥω
1320 961 1391 1010 τῆς
1433 953 1615 1011 ἡλικιάς’

155 1024 343 1077 linguam
388 1024 558 1064 latinam
605 1023 758 1062 didicit.
775 1023 788 1046 ¹
854 1022 997 1075 Atque
1039 1023 1073 1063 si
1113 1016 1424 1076 perscrutamur
1466 1027 1618 1079 scripta

155 1092 377 1146 Lucianea,
420 1107 523 1134 num
566 1093 735 1146 reperiri
779 1093 957 1145 possint,
1004 1104 1110 1145 quae
1150 1105 1203 1132 ex
1242 1092 1360 1133 libris
1400 1098 1614 1136 auctorum

154 1174 419 1203 romanorum
464 1175 537 1202 seu
578 1161 833 1215 pedestrium
876 1174 949 1201 seu
997 1164 1211 1214 poetarum
1258 1163 1341 1202 sint
1387 1163 1616 1218 desumpta,

154 1244 324 1285 prorsus
363 1232 467 1271 nihil
508 1232 772 1285 reperiemus.
834 1229 984 1270 Melius
1022 1231 1150 1284 igitur
1188 1244 1311 1284 quam
1343 1231 1617 1285 Wielandius,

156 1302 228 1355 qui
269 1301 568 1341 dissimulatam
610 1312 699 1340 esse
740 1313 764 1339 a
807 1299 974 1339 Graecis
1014 1300 1292 1353 cognitionem
1333 1300 1617 1344 Romanorum

154 1371 320 1424 putat,2
362 1369 426 1410 Fr.
458 1370 509 1410 A.
532 1368 712 1410 Wolfius
753 1371 794 1409 et
836 1368 1068 1409 Sieversius
1110 1368 1287 1410 Graecos
1327 1382 1471 1411 eorum
1513 1376 1615 1413 tem-

154 1453 301 1494 porum
335 1452 419 1479 non
450 1438 570 1479 modo
602 1451 685 1478 non
716 1438 901 1478 imitatos
933 1450 1021 1478 esse
1052 1438 1191 1481 literas
1220 1452 1428 1494 romanas,
1461 1441 1532 1481 sed
1564 1456 1615 1483 ne

154 1509 302 1563 legisse
335 1509 502 1563 quidem
534 1506 858 1549 iudicaverunt.3
916 1507 1066 1560 Itaque
1097 1507 1352 1562 Ziegelerus,
1394 1523 1488 1550 cum
1524 1524 1616 1565 per-

154 1579 286 1619 multa
316 1579 475 1631 afferat,
508 1590 614 1631 quae
644 1576 854 1618 Lucianus
884 1589 906 1616 e
937 1578 1096 1630 graecis
1127 1579 1313 1618 omnium
1345 1580 1615 1633 scriptoribus

155 1651 387 1701 temporum
438 1648 642 1699 hauserit,
691 1647 740 1687 de
788 1646 969 1686 romanis
1021 1646 1125 1686 nihil
1179 1648 1431 1701 investigare
1479 1651 1616 1703 potuit

155 1717 481 1770 deproniptum.4

270 1786 442 1837 Deinde,
473 1789 530 1838 ut,
563 1785 662 1838 quid
688 1784 899 1827 Lucianus
929 1786 979 1825 de
1003 1784 1202 1825 Romanis
1229 1787 1413 1838 senserit,
1443 1787 1611 1829 forsitan

155 1855 278 1908 paulo
320 1855 542 1903 dilucidius
586 1856 904 1908 perspiciamus,
949 1854 1184 1908 videamus,
1230 1856 1438 1907 quomodo
1475 1870 1614 1898 rerum

155 1928 365 1979 gesta-rum
386 1938 651 1965 romanarum
669 1926 904 1979 veterisque
924 1925 1146 1964 memoriae
1162 1926 1402 1978 cognoverit
1418 1927 1614 1969 ordinem.

272 2062 305 2104 1)
332 2073 364 2095 v.
390 2061 573 2095 Demosth.
600 2061 630 2094 2.
682 2060 754 2096 Cat.
782 2061 863 2096 mai.
891 2062 921 2095 7.

270 2119 305 2161 2)
331 2120 375 2154 ad
400 2120 432 2153 d.
455 2130 561 2153 merc.
589 2119 688 2153 cond.
716 2119 770 2153 25.

270 2178 305 2218 3)
331 2176 482 2210 Wolfius
514 2176 552 2209 in.
585 2186 664 2210 ann.
702 2176 744 2210 ad
777 2176 861 2210 Hor.
895 2174 967 2210 Sat.
998 2176 1032 2219 I,
1066 2177 1101 2216 1,
1135 2178 1188 2211 15.
1237 2176 1437 2212 Sieversius
1471 2180 1506 2213 in
1541 2181 1617 2215 vita

155 2234 295 2269 Libanii
321 2245 352 2277 p.
379 2233 435 2269 12.
472 2234 514 2267 cf.
541 2233 699 2277 Cramer,
738 2234 822 2268 diss.
856 2234 898 2267 de
929 2234 1079 2277 studiis,
1113 2245 1201 2279 quae
1232 2236 1371 2270 veteres
1397 2236 1440 2270 ad
1465 2237 1615 2272 aliarum

156 2292 313 2336 gentium
339 2291 553 2325 contulerint
576 2291 729 2335 linguas.
779 2290 933 2325 Sundiae
961 2291 1049 2325 1844
1077 2303 1110 2335 p.
1136 2291 1188 2326 18.

269 2349 305 2392 4)
338 2348 376 2382 in
412 2350 598 2383 comment.
635 2349 678 2382 de
713 2348 796 2382 Luc.
837 2350 1020 2392 poetarum
1056 2350 1175 2383 iudice
1212 2352 1247 2383 et
1282 2350 1457 2384 imitatore
1494 2363 1525 2395 p.
1550 2352 1616 2385 43:

157 2406 324 2450 ‘scriptor
349 2406 477 2450 aliquis
502 2406 635 2441 latinus
661 2417 745 2440 num
771 2417 792 2440 a
816 2406 972 2440 Luciano
998 2417 1187 2451 expressus
1212 2407 1274 2450 sit,
1307 2408 1368 2441 diu
1393 2408 1616 2453 multumque

156 2464 334 2508 quaesivi,
371 2464 432 2498 sed
462 2464 621 2498 frustras
671 2464 790 2498 Verba
823 2475 911 2508 quae
943 2464 1159 2499 Iacobitzius
1184 2466 1228 2499 ad
1253 2465 1355 2499 Alex.
1381 2477 1410 2499 0.
1437 2465 1480 2499 12
1514 2468 1616 2510 quasi

155 2532 300 2556 romana
324 2533 342 2555 e
368 2521 524 2556 Luciano
549 2522 665 2565 affert,
699 2524 793 2556 recte
825 2521 1006 2556 intellecta
1035 2533 1113 2556 esse
1139 2524 1243 2567 negat
1269 2522 1470 2568 Ziegelerus
1502 2535 1535 2568 p.
1559 2525 1615 2559 44.

156 2579 280 2623 Neque
306 2579 415 2624 igitur
440 2591 565 2623 operae
587 2580 741 2624 pretium
760 2581 823 2615 cst.
851 2579 1012 2623 pluribus
1038 2580 1271 2614 Iacobitzium
1296 2580 1456 2615 refellere
1481 2581 1616 2616 aliosve

157 2636 322 2671 similiter
346 2637 562 2681 iudicantes,
589 2639 629 2671 ut
655 2638 883 2681 Grauertum,
910 2638 968 2682 qui
996 2638 1046 2672 ait
1070 2637 1170 2673 Anal.
1196 2650 1228 2682 p.
1256 2638 1340 2673 162:
1381 2638 1466 2673 ‘den
1492 2640 1528 2673 in
1555 2640 1616 2674 der

156 2693 389 2729 lateinischen
417 2695 595 2730 Literatur
620 2707 657 2730 so
682 2695 929 2729 bowandortcn
957 2695 1113 2730 Lucian.'
