1924 3063
725 186 1008 222 —21—

256 298 418 339 Vellem
446 299 565 351 plura
606 298 772 338 aliunde
804 300 968 351 sumpta
1005 298 1130 337 huius
1158 298 1423 351 magistratus
1459 297 1598 350 cogni-

141 368 293 408 tionem
311 368 640 421 suppeditarent:
666 379 871 420 perpauca
888 379 985 407 vero
1002 366 1191 420 indagari
1206 371 1392 419 possunt.
1445 365 1598 406 Occur—

139 440 238 476 runt
266 440 403 477 autem
434 437 478 477 in
508 436 593 476 cod.
616 436 765 476 Theod.
788 435 856 476 lib.
878 435 978 476 XII.
1008 436 1066 476 tit.
1088 435 1108 475 I
1138 436 1160 476 l.
1186 436 1307 489 192st
1340 448 1445 489 quae
1474 448 1597 488 quae-

139 506 314 546 stionem
364 506 543 546 afferunt
590 505 788 559 quidnam
839 506 892 546 sit
932 505 1056 558 illud,
1109 518 1190 558 quo
1231 504 1404 545 Luciani
1443 518 1598 546 munus

139 574 299 615 differat
338 574 388 615 ab
432 574 922 628 hypomnematographi,
958 575 1078 615 haec:
1119 575 1171 614 ‘si
1214 587 1318 627 quos
1350 578 1598 627 spontaneos

138 643 606 698 hypomnematographi
645 642 862 684 munificos
897 644 985 683 suis
1029 643 1389 684 exhortationibus
1425 643 1477 683 ad
1521 657 1597 697 pu-

139 713 267 753 blicas
306 715 612 754 nominaverint
661 714 915 766 functiones,
973 713 1219 767 Augustalis
1271 713 1464 754 iubemus
1515 726 1599 753 non

138 783 442 836 expectandum
489 795 577 824 esse
630 782 908 823 consensum’
988 781 1119 830 Quem
1163 783 1211 822 ad
1254 783 1391 823 locum
1448 783 1599 835 optime

139 852 414 893 Gothofredus
447 853 662 893 annotavit
701 865 738 905 p.
764 853 863 892 524:
905 852 1146 901 ‘Quodnam
1182 865 1337 893 munus
1376 853 1465 892 eius
1496 851 1599 907 (scil.

138 920 626 976 hypomnematographi)
656 921 797 974 fuerit,
839 923 987 975 partim
1029 934 1082 961 ex
1113 922 1189 961 hac
1219 922 1329 975 lege,
1364 922 1515 974 partim
1547 934 1598 961 ex

138 992 318 1032 nominis
360 991 512 1031 indicio
560 992 603 1030 in
647 994 805 1044 partem
853 1003 1099 1045 cognoscere
1136 991 1249 1031 licet:
1305 1003 1454 1043 nempe
1504 1003 1600 1031 eum

138 1061 520 1101 nominationes
553 1059 610 1100 ad
650 1060 897 1113 liturgias
939 1073 1013 1100 seu
1043 1072 1218 1100 munera.
1256 1059 1423 1113 publica
1464 1060 1599 1100 civilia

138 1134 178 1170 et
198 1130 368 1170 curialia
387 1129 542 1182 fecisse,
573 1142 747 1170 munera
769 1129 1027 1170 distribuisse
1050 1133 1090 1170 et
1111 1130 1429 1169 commentarios
1451 1130 1599 1169 harum

138 1212 275 1240 rerum
303 1198 472 1239 fecisse.'
535 1198 791 1251 Certissime,
823 1199 893 1239 sed
915 1198 1080 1239 laudem
1103 1199 1139 1238 ei
1170 1210 1285 1238 error
1305 1199 1601 1251 compensavit,

138 1282 254 1322 cum,
284 1272 506 1322 postquam
536 1268 761 1308 nonnullos
789 1268 901 1308 locos
931 1268 1167 1321 adscripsit,
1199 1267 1352 1320 quibus
1383 1267 1600 1320 haudqua-

139 1351 264 1391 quam
295 1338 346 1378 ad
376 1338 905 1391 hypomnematographiun
927 1337 1265 1378 Alexandrinum
1293 1336 1600 1390 pertinentibus

138 1408 314 1448 latinum
346 1407 788 1448 ‘commentariensem'
820 1420 965 1461 graece
999 1405 1480 1462 ίιῖγῑομνιριιατογράφοψ
1504 1419 1601 1446 con-

139 1490 306 1518 versum
357 1490 445 1518 esse
492 1477 760 1529 demonstrat,
806 1480 1012 1531 pergeret:
1062 1476 1162 1518 ‘Sed
1215 1476 1314 1528 quid
1357 1476 1599 1516 moraniur?

137 1546 347 1587 Lucianus
377 1547 422 1586 in
450 1546 653 1601 Apologia
684 1547 726 1586 id
756 1560 911 1587 munus
941 1547 1135 1601 graphice
1170 1545 1391 1585 describit.'
1452 1545 1600 1585 Tanto-

137 1629 233 1670 pere
271 1617 400 1670 igitur
438 1616 593 1656 Valesii
632 1617 842 1656 annotatio
884 1616 1087 1656 iudicium
1129 1614 1369 1655 Gothofredi
1407 1614 1601 1667 turbavit,

138 1689 185 1726 ut
216 1699 299 1726 non
331 1686 553 1726 contulerit
573 1686 803 1739 pugnantia
834 1698 911 1726 nec
932 1685 1231 1738 comparaverit
1261 1685 1467 1724 contraria
1493 1685 1602 1724 inter

138 1756 229 1796 illos
259 1755 834 1809 hypomnematographorum
876 1755 1192 1795 commentarios
1230 1757 1270 1794 et
1299 1753 1491 1805 Luciani,
1534 1755 1601 1794 cui

139 1826 188 1866 de
219 1825 362 1865 litibus
393 1824 620 1865 iudiciariis
651 1825 841 1877 loquenti
882 1824 1186 1865 ‘commentarii
1228 1823 1432 1863 factorum
1475 1823 1601 1863 dicto-

138 1908 317 1948 rumque
346 1894 553 1935 omnium'
584 1893 686 1949 (scil.
720 1895 769 1935 de
790 1895 1045 1948 litigantium
1066 1895 1320 1947 testiumque
1351 1891 1603 1947 actionibus)

139 1966 181 2005 in
204 1965 341 2005 animo
364 1968 490 2004 erant.
552 1963 723 2004 Praeter
742 1977 789 2004 ea
809 1967 949 2005 autem
972 1963 1122 2017 officia,
1157 1976 1262 2017 quae
1295 1966 1603 2016 enumerantur,

140 2035 176 2075 ei
205 2035 285 2075 alia
315 2034 442 2075 fuisse
472 2034 592 2087 plura
614 2034 841 2087 explenda,
871 2047 991 2075 nemo
1013 2038 1147 2088 potest
1179 2035 1374 2087 cogitare,
1407 2046 1502 2073 cum
1536 2033 1602 2073 vel

139 2105 321 2145 maxime
350 2103 522 2145 Luciani
562 2105 726 2145 intersit
763 2104 1000 2157 ostendere,
1041 2117 1084 2145 se
1124 2116 1168 2144 re
1199 2116 1295 2144 vera
1335 2100 1395 2141 (ἐν
1434 2099 1603 2157 μυρίαις

138 2175 231 2222 ταῖς
261 2170 501 2224 ἄσχολιάις’
528 2175 694 2214 versari.

250 2242 427 2284 Prorsus
455 2247 593 2284 autem
623 2256 708 2283 non
729 2243 943 2297 intellego,
976 2243 1183 2296 quomodo
1212 2243 1267 2295 ei,
1296 2242 1368 2295 qui
1393 2242 1604 2295 papyros2

140 2327 164 2353 a
194 2312 402 2364 Peyronio
434 2313 477 2352 in
508 2313 600 2353 Act.
636 2313 762 2353 Acad.
795 2312 1038 2354 Taurinens.
1073 2325 1135 2352 an.
1172 2312 1278 2352 1841
1312 2311 1445 2351 editos
1475 2323 1602 2351 nove-

260 2461 294 2502 l)
320 2459 442 2494 eadem
468 2459 692 2503 reperiuntur
721 2459 758 2492 in
784 2460 857 2493 cod.
882 2459 970 2493 lust.
997 2459 1049 2501 X,
1082 2459 1136 2492 31.
1165 2458 1218 2492 59.

258 2517 291 2559 2)
319 2518 361 2551 de
384 2517 507 2561 papyri
526 2516 765 2551 Berolinensis
790 2517 941 2550 frustulo
956 2528 976 2551 a
994 2517 1159 2550 Partheio
1181 2516 1215 2549 in
1236 2527 1314 2549 nov.
1335 2526 1477 2549 memor.
1499 2515 1600 2549 insti-

142 2577 207 2609 tut.
245 2574 396 2609 archeol.
439 2586 458 2608 a
486 2574 574 2609 1865
610 2586 641 2618 p.
669 2575 737 2609 449
768 2574 906 2619 publici
940 2574 1030 2608 iuris
1064 2574 1157 2608 facto
1193 2573 1365 2608 disserere
1392 2583 1461 2607 non
1488 2573 1599 2608 audeo

146 2633 262 2667 Verba
286 2634 370 2666 sunt
388 2632 493 2667 haec:

656 2679 902 2723 ματογράᾳου
920 2678 983 2719 τὴν
1006 2677 1183 2722 λοιπογρι
1204 2678 1206 2692 '
1226 2678 1228 2719 ζ
1250 2677 1252 2720 ξ
1273 2677 1276 2722 Ι

511 2736 579 2780 ἔχω
604 2736 685 2769 τόδε
711 2736 791 2769 καθ)
822 2735 860 2769 ἓν
885 2736 1002 2770 αὐτῶν
1023 2736 1145 2777 &noda
1162 2734 1165 2778 Ι
1185 2735 1188 2777 1
1208 2734 1233 2779 Ι)
1254 2735 1257 2779 l
1276 2735 1279 2779 l
